1244 1619
172 160 870 229 *PRAEFATIO

207 302 384 324 EOMETRAS
394 307 475 328 veteres,
486 302 546 323 libros
555 308 598 323 non
607 302 710 329 pauciores
720 303 797 330 triginta
806 304 867 325 tribus
876 311 924 326 ana-

219 338 254 366 lyfi
261 337 491 365 insewiemes,scripfiffe‚
498 337 567 358 audior
573 337 600 358 est
607 337 686 365 Pappus
692 337 846 365 Alexandrinus,
852 340 887 367 qui
893 340 922 360 so-

148 376 179 396 lus
189 375 269 395 illorum
280 374 368 399 nomina,
383 379 403 395 et
414 373 562 401 Propofitiones
571 380 620 401 quas
632 374 767 400 continebant,
783 382 855 403 magno
867 375 923 397 Geo-

149 411 231 432 metriae
240 411 383 434 emolumento,
394 409 483 431 servavit.
502 409 596 436 idemque
605 409 628 429 iis
638 409 673 436 qui
681 410 795 431 facultatem
806 411 923 438 investigan—

150 446 170 467 di
177 446 303 467 Problemata
313 445 415 473 acquirere
422 445 484 466 velint
491 445 551 465 libros
557 445 614 465 hosce
620 445 679 466 unice
685 446 743 467 utiles
748 446 785 467 effe
791 446 881 467 affirmat.
895 446 923 469 Et

151 482 278 503 Recentiores
286 481 394 509 postquam
404 481 502 502 Veterum
513 481 533 501 in
543 480 702 502 Theorematum
707 486 727 502 et
734 481 883 503 Problematum
890 483 923 503 de-

150 517 324 538 monstrationibus
334 522 354 537 et
366 516 547 537 construffionibus
557 516 715 543 perspicuitatem
724 522 745 537 et
754 517 870 545 elegantiam
877 524 923 544 cog-

151 558 255 576 noverant,
264 551 316 572 reEte
325 552 406 579 quidem
416 551 555 572 concluserunt
564 556 626 571 artem
636 550 755 578 analyticam
767 559 887 580 magnopere
897 552 923 573 ab

151 587 175 607 iis
185 587 284 607 exeuitam
293 591 312 606 et
322 592 435 613 promotam
443 585 507 611 fuiffe;
517 586 598 606 Veteres
608 591 675 606 autem
684 591 745 606 artem
756 587 807 607 hanc
814 587 923 608 sedulo'oe-

153 621 240 645 culfflffe,
251 621 392 641 Recentiorum
402 621 459 641 multi
467 621 534 648 inepte
544 620 629 641 omnino
635 619 761 641 afferuemnt.
775 620 857 642 Etenim
862 621 924 642 Fran-

151 656 212 676 ciscus
219 655 358 680 Schootenius,
368 656 388 676 in
398 656 481 677 trastatu
490 656 524 677 suo
536 657 561 677 de
571 656 714 677 concinnandis
724 656 924 678 demonstrationibus

150 691 305 713 Amsteiaedami
317 698 349 712 nn.
362 691 411 712 11661
427 691 527 719 impreffo,
541 692 566 712 de
576 691 690 712 Geometris
702 692 802 712 veteribus
811 692 839 712 ita
849 692 924 713 scribit:

151 730 164 740 “
177 727 219 754 Qi
225 726 309 754 (veteres
315 725 350 752 sc.)
356 726 375 745 id
384 727 441 745 unice
450 726 543 745 studuiss‘e
551 726 651 749 videntur,
659 733 701 752 quo
709 726 837 751 suainventa,
844 733 924 748 eorum-

153 764 165 774 “
178 769 216 789 que
226 760 410 785 demonstrationes,·
418 760 500 787 posteris
511 760 580 787 majori
589 760 715 781 admirationi
724 760 795 786 forent,
802 766 825 781 ut
834 762 925 788 modum,

153 799 166 809 “
178 803 220 824 quo
226 803 250 817 ea
256 795 296 824 ipsa
301 795 413 817 invenerim
420 801 443 816 ac
451 794 653 816 demonstrationibus
661 795 788 824 muniverint‚
799 796 876 824 prorsus
881 797 925 825 sup-

154 835 165 845 “
180 833 286 859 primerent
296 837 315 853 et
324 831 483 852 absconderent.”
513 830 546 856 Et,
557 832 619 859 magis
625 831 723 859 explicite,
734 831 803 853 Petrus
809 832 926 853 Schooteni-

154 874 177 888 us
182 867 199 887 F
201 866 279 887 rancisci
287 866 351 891 frater,
358 867 379 887 in
388 866 511 894 praefatione
517 867 542 886 ad
552 867 639 887 eundem
645 867 723 891 librum,
730 868 747 888 F
749 868 827 888 rancisci
834 868 854 889 in
860 869 898 888 hac
905 875 926 889 re

152 902 267 923 sententiam
276 901 302 922 fic
311 901 402 929 exponit,
417 903 428 913 “
442 901 517 928 Neque
527 900 553 929 (F
555 900 651 922 ranciscus
660 900 800 928 sc.)dubitabat
807 902 856 929 quin
864 903 925 930 plera-

152 939 164 949 “
178 944 240 964 raque
249 936 323 962 omnia,
340 943 392 964 quae
404 936 509 957 Veteribus
519 941 598 957 tantum
610 937 683 964 gloriae
693 936 816 964 peperissent,
831 937 926 965 Analyse-

153 975 164 984 ‘¹
179 979 201 992 os
211 979 251 999 ope
257 977 276 992 et
286 971 385 992 beneficio
393 976 471 999 reperta
479 971 549 992 essent:
560 972 592 993 sed
597 979 649 999 quae
656 972 689 997 ini,
698 978 721 992 ut
728 972 856 994 inventorum
863 973 927 1000 major

153 1009 165 1019 ‘¹
179 1006 283 1027 admiratio
292 1006 349 1031 soret,
359 1007 478 1028 diffirnulato
485 1007 525 1028 hoc
531 1007 615 1028 artificio
622 1012 642 1028 et
651 1006 756 1035 suppresso,
768 1007 842 1034 vulgari
849 1012 927 1028 tantum

153 1044 165 1054 “
179 1041 295 1069 Syntheseos
302 1041 366 1062 forma
375 1041 511 1062 exhibuissent.
522 1042 553 1062 sed
562 1049 609 1063 cum
619 1042 715 1063 Veterum
725 1042 876 1063 diffimulatione
886 1042 927 1063 fac-

153 1079 166 1089 “
181 1082 223 1097 tum
232 1077 313 1102 videret,
328 1078 383 1098 hunc
394 1077 513 1104 Analyticae
525 1077 614 1098 methodi
623 1077 754 1105 praestantem
766 1077 822 1097 usum
832 1084 873 1097 non
883 1084 927 1098 mo-
956 1071 958 1074 V

153 1114 165 1124 ‘⁴
180 1112 207 1132 do
214 1119 225 1132 a
232 1112 296 1133 multis
306 1113 391 1140 ignorari
398 1118 417 1134 et
425 1113 501 1140 negligi,
509 1113 541 1134 sed
548 1113 609 1140 ipsam
620 1113 663 1140 ejus
671 1113 809 1134 certitudinem
816 1119 840 1133 ac
847 1112 927 1133 eviden-

151 1149 167 1158 ⁴‘
179 1146 227 1168 tiam
236 1154 248 1168 a
259 1148 359 1169 nonnullis
368 1148 476 1176 suspediam
485 1148 560 1201 ὴεξετί,
571 1153 631 1176 atque
640 1148 691 1169 adeo
698 1147 732 1169 soii
738 1147 828 1175 Synthefi
836 1147 927 1199 miserat?-

873 1181 885 1191 “
913 1186 927 1200 ο

863 1577 896 1585 -,„
910 1575 967 1583 ’.η
981 1576 986 1578 -
1009 1575 1019 1579 >⁴
