1244 1619
499 110 700 135 LOCORUM
720 110 937 137 PLANORUM

643 189 660 211 P
668 196 682 211 R
691 196 705 211 ο
717 195 735 211 Ρ.
761 188 788 211 Π.
972 192 1098 216 Charmandri.

369 239 395 263 S1
404 247 416 262 a
421 238 510 262 duobus
518 236 606 271 punffis
612 236 670 260 datis
679 235 822 261 inficetantur
826 238 898 261 tfflae
903 236 983 262 datum
990 240 1099 272 angulum

336 277 488 304 continentes,
499 284 623 300 commune
631 283 708 298 earum
716 276 825 308 punftum
833 280 912 309 tanget
921 275 1098 303 circumferenti-

336 324 373 339 am
384 323 510 339 concavam
518 312 630 346 positione
642 312 726 337 datam.

362 373 427 393 DATA
434 372 488 392 euim
495 370 531 391 siut
540 372 566 394 A,
574 371 588 390 B
594 370 674 397 pun6h3,
684 376 703 390 et
709 370 834 391 infledkantur
839 371 902 392 ressae
908 372 952 396 AC,
960 372 993 392 BC
999 372 1099 392 continen-

335 410 362 425 tes
368 404 462 430 angulum
468 402 522 423 ACB
530 402 633 428 aequalem
640 401 687 421 dato
693 402 765 428 angulo
769 410 774 425 ;
783 407 803 421 et
812 402 863 422 circa
871 403 990 430 triangulum
998 404 1054 424 ACB
1063 404 1096 424 de-

335 435 406 462 scripto
411 434 491 458 circulo,
499 433 521 453 fit
526 433 567 459 ejus
574 439 664 453 centrum
671 432 690 452 D
694 441 700 456 ;
707 437 725 452 et
731 433 773 457 AB,
782 433 829 457 AD,
837 434 872 454 BD

332 465 445 493 jungantur.
469 465 570 492 Quoniam
578 464 636 490 igitur
642 464 698 483 datus
706 463 733 483 est
743 464 802 484 ACB
811 471 873 491 angu-
1044 461 1062 477 Ε

335 498 371 521 lus,
384 497 462 517 dabitur
471 495 556 522 ejusdem
567 495 641 521 duplex
651 494 674 513 sc.
684 494 765 520 angulus
775 494 837 515 ADB
846 496 871 515 ad

335 532 431 552 centrum,
445 532 464 547 et
471 527 515 547 data
523 526 550 546 est
559 525 608 545 ratio
617 525 660 545 AD
669 525 693 544 ad
701 525 744 549 BD,
753 526 844 552 aequales
851 533 871 547 e·
922 474 1071 571 Α

334 559 376 579 nim
382 559 425 579 sunt
429 568 434 583 ;
440 565 500 584 quare
506 557 569 584 specie
576 557 644 577 datum
652 556 679 576 est
685 556 803 583 triangulum
809 558 871 578 ADB
888 566 912 585 A
918 538 1057 574 ΔΑ
1064 569 1085 587 Β

334 589 381 616 [41.
391 589 440 615 dan]
449 589 494 608 data
500 588 557 615 igitur
565 587 593 608 cst
602 587 652 607 ratio
661 587 699 607 AB
707 587 732 607 ad
742 587 791 612 AD;
800 594 820 608 et
825 589 871 609 data
914 575 1059 620 v

334 621 362 640 est
377 621 423 644 AB,
441 626 501 645 quare
515 619 558 638 AD
570 618 705 645 magnitudine
715 619 759 639 data
768 619 801 646 [2.
811 620 870 646 dat.];

334 651 365 671 sed
375 656 394 671 et
403 650 506 677 positione,
516 654 596 676 propter
605 649 643 669 AB
653 649 749 676 positione
758 651 823 670 datam
832 651 969 678 punfiumque
975 653 1001 676 A,
1011 658 1030 672 et
1037 659 1097 679 angu-

334 683 376 702 lum
386 681 442 702 BAD
452 681 520 701 datum
527 680 534 706 [
540 687 571 706 29.
579 679 698 706 dat.]‚quarc
707 680 804 707 puustum
814 682 834 702 D
844 682 911 702 datum
917 682 944 702 est
950 682 993 708 [27,
1000 683 1054 709 dat.].
1061 684 1097 703 Er-

334 720 359 739 go
367 712 450 733 circulus
456 717 523 732 centro
533 711 552 731 D
559 711 661 731 intervallo
671 711 713 731 DA
721 711 826 738 descriptus
833 712 928 739 positione
935 718 954 732 et
963 714 1097 740 magnitudine

334 744 390 764 datus
396 743 424 763 est
431 743 438 770 [
445 743 462 763 6.
472 742 510 763 def.
517 742 571 769 dat.].
594 741 718 769 Compositio
727 748 794 763 autem
802 743 872 763 eadem
881 743 908 763 est
917 750 963 764 cum
970 744 1097 765 coxissruffio-

334 781 360 795 ne
371 779 391 794 et
402 773 566 794 demonstratione
576 779 608 798 33.
619 779 637 797 3.
648 773 711 792 Elem.
722 774 779 793 Eucl.
791 774 908 794 describatur
918 774 942 794 sc.
948 774 1004 801 super
1013 775 1051 795 AB
1060 775 1098 802 seg-

334 810 424 825 mentum
434 804 501 825 cisculi
510 804 588 831 capiens
595 804 689 830 angulum
698 805 801 831 aequalem
810 805 856 825 dato
863 805 941 832 angulo,
954 806 990 826 erit
996 806 1055 834 hujus
1061 806 1097 827 cir-

335 835 522 857 cumferentialocus
527 835 630 861 quaesitus,
641 840 662 855 ut
671 840 731 861 patet.

640 913 656 936 P
665 920 679 935 R
689 920 704 935 0
713 920 732 935 P.
757 913 795 936 111.
971 917 1096 940 Char-mandri.

369 963 395 986 Si
411 960 517 994 trianguli
529 958 689 992 magnitudine
703 959 757 989 dati,
773 959 829 984 bafis
843 969 935 994 quoque
947 961 1059 995 positione
1073 969 1097 988 et

336 998 493 1032 magnitudine
500 997 552 1022 data
561 997 597 1027 fit3
614 1002 695 1021 vertex
706 997 753 1030 ejus
762 1003 842 1031 tanget
848 1000 931 1023 restam
939 999 1051 1032 positione
1059 999 1095 1025 da-

337 1043 391 1061 tam.

363 1097 404 1117 Srr
410 1096 464 1116 enim
471 1096 523 1116 reeta
528 1096 563 1117 AB
568 1096 664 1124 positione
669 1102 688 1117 et
693 1097 828 1124 magnitudine
834 1098 884 1122 dara,
894 1103 914 1119 et
920 1098 1037 1126 triangulum
1042 1099 1097 1120 ABC

337 1127 470 1154 magnitudine
478 1127 557 1148 datum:
569 1132 634 1154 tanget
642 1133 709 1149 vertex
717 1129 735 1149 C
745 1129 818 1150 rectam
824 1129 921 1157 politione
926 1130 996 1150 datam.

1064 1185 1098 1206 Ad
