1244 1619
327 103 356 127 32
475 89 680 116 LOCORUM
704 89 931 115 PLANoRUM

351 148 393 168 Cas.
408 154 427 168 2.
441 147 500 167 Sin-r·
514 147 541 170 A,
555 146 569 166 B
576 144 651 173 punsta
658 144 709 170 data,
722 150 742 165 et
754 146 779 165 ab
786 145 831 172 ipfis
842 145 940 166 ducantur
951 145 997 171 Ac,
1011 146 1046 167 BD
1054 147 1087 167 da-

323 185 367 200 tum
376 178 566 206 comprehendentes
573 177 668 204 anguluru
678 176 739 201 AER,
753 182 773 197 et
783 177 852 198 datum
864 177 987 198 continentes
997 177 1086 204 spatium,

324 217 343 232 et
358 216 424 237 tangat
441 209 538 237 punaum
555 209 573 229 C
630 217 646 236 E
813 218 838 239 Α
920 221 937 240 c

323 241 501 264 circumferentiam
512 240 574 268 positi·
1004 228 1034 244 λ

323 281 362 294 one
370 274 442 297 datam,
456 272 511 299 cujus
522 279 574 299 quae

323 312 358 332 per
370 306 389 325 A
399 304 465 324 transit
478 303 573 324 diameter

323 337 350 357 est
362 337 379 357 F
383 336 410 360 G,
424 342 466 356 nou
476 340 543 355 autem
550 333 574 354 fit

323 369 342 388 A
357 368 379 388 in
396 374 420 387 ea
433 365 573 387 circumferen-

323 399 350 419 tia
353 408 358 423 5
363 403 430 425 tanget
435 404 516 424 quoque
525 398 545 418 D
551 405 572 418 a-

323 430 382 450 liam]
394 428 572 449 circumferentiam

322 460 421 488 positione
430 460 502 480 datam.

349 491 441 511 Dumtur
450 490 504 510 enim
522 490 542 511 A
550 490 572 511 Η

323 523 415 550 parallela
419 527 440 542 et
448 522 535 549 aequalis
541 522 572 548 ip-

321 554 336 575 ss
346 554 392 578 BD,
403 559 423 574 et
435 553 532 580 quoniam
543 553 599 572 datus
613 552 641 572 est
652 552 735 578 angulus
750 552 815 573 ΑΕΒ
828 554 907 574 dabitur
921 554 985 574 eidem
1000 554 1087 581 aequalis

322 585 390 609 CAH,
399 590 419 605 et
426 585 494 605 dat-um
503 583 531 604 est
540 582 676 609 reetangulum
685 582 753 607 CAH,
762 590 809 610 ergo
815 590 851 611 per
857 585 903 604 Cas.
911 591 930 605 2.
939 585 999 612 Prop.
1009 592 1016 605 ι
1022 592 1039 605 1.
1045 585 1087 612 huj.

321 616 383 643 tangit
396 621 495 644 punctum
505 615 528 636 H
537 614 716 635 circumferentiam
728 615 825 641 positione
836 616 908 636 datam.
934 616 962 636 Et
970 616 1066 643 quoniam
1075 624 1087 637 a

321 647 399 667 duobus
409 646 487 674 punctis
496 646 545 666 datis
554 645 580 669 A,
588 645 602 665 B
611 645 682 665 duetae
689 645 734 665 sunt
742 645 791 670 AH,
803 646 839 665 BD
848 647 950 673 parallelae
959 651 979 667 et
990 648 1087 674 aequales,

321 683 341 698 et
350 678 411 705 tangit
421 677 519 705 punctum
528 676 550 697 H
556 676 734 697 circumferentiam
740 676 837 704 positione
844 677 916 701 datam,
929 682 995 704 tanget
1000 678 1060 699 etiam
1065 678 1086 699 D

321 708 500 730 circumferentiam
506 708 563 728 aliam
570 707 668 735 posttione
674 707 740 727 datam
746 715 782 735 per
788 707 848 735 Ptop.
858 714 888 733 13.
895 709 959 736 hujus.

349 765 489 791 Componetur
501 770 549 784 vero
563 771 602 791 ope
615 764 661 785 Cas.
674 770 693 784 2.
708 763 768 791 Prop.
778 770 808 785 11.
822 770 842 785 et
848 764 908 792 Prop.
918 771 948 790 13.
962 765 1055 787 ducendo
1061 766 1086 787 sc.

321 795 395 816 melam
406 796 445 816 ΑΚ
456 802 508 822 quae
521 795 579 816 faciat
592 800 636 815 tum
648 796 742 822 angulum
760 796 817 816 FAK
833 796 935 823 aequalem
946 797 994 817 dato
1006 798 1085 824 angulo,

321 832 364 847 turn
372 826 507 853 re&angulum
517 826 574 846 FAK
583 826 665 852 aequale
672 827 719 846 dato
728 826 796 853 spatio,
810 832 829 846 et
839 827 922 846 invento
935 827 977 847 KL
991 828 1087 848 diametro

321 858 345 878 sc.
352 858 419 878 circuli
425 858 448 881 in
455 858 500 878 Cas.
512 863 532 877 2.
543 857 603 884 Prop.
618 863 625 877 π
632 863 648 877 1.
658 857 753 884 descripti,
766 857 849 877 ducatur
861 864 872 878 a
884 857 981 885 punstoB
989 859 1042 880 ressa
1051 860 1087 887 ipfi

321 889 361 909 ΑΚ
373 889 469 916 parallela,
484 888 505 909 in
511 895 551 915 qua
557 888 659 909 sumantur
668 888 714 912 ΒΜ,
721 889 759 909 ΒΝ
768 889 858 915 aequales
871 888 915 915 ipfis
928 889 974 913 ΑΚ,
987 890 1027 910 AL
1031 899 1037 915 ;
1051 891 1087 911 cir-

321 920 449 941 cumferentia
461 920 528 940 circuli
542 920 599 947 super
611 920 729 940 diametrum
741 920 789 940 MN
799 920 894 946 descripti,
907 920 944 940 erit
950 920 1017 941 Locus
1026 928 1087 948 qua&

321 951 373 972 sirus.
401 951 491 971 Ducatur
502 951 556 971 enim
565 958 577 971 a
588 951 664 977 punflo
675 951 698 975 A,
707 951 788 978 quaevis
798 951 837 971 AC
848 951 873 971 ad
880 951 976 971 circulum
983 952 1040 979 cujus
1046 953 1086 973 dia-

322 988 384 1003 meter
396 982 424 1003 est
435 983 452 1003 F
457 982 489 1007 G,
508 988 528 1003 et
541 983 567 1003 ab
578 982 649 1003 eodem
661 982 737 1009 punsto
748 982 832 1002 ducatur
846 982 892 1003 Ao
906 982 979 1003 faciens
990 984 1086 1010 angulum

323 1014 392 1034 CAO
405 1013 507 1040 aequalem
518 1013 553 1040 ipsu
566 1013 584 1033 F
586 1012 635 1037 ΑΚ,
649 1017 669 1033 et
680 1020 716 1040 per
725 1013 770 1033 Cas.
784 1019 803 1033 2.
817 1012 877 1040 Prop.
896 1019 926 1033 u.
940 1019 1029 1034 occurret
1041 1015 1086 1036 Ao

323 1045 396 1066 circulo
407 1043 465 1071 super
470 1045 589 1065 diametrum
602 1044 641 1064 Kl..
649 1044 674 1066 jn
686 1049 762 1071 puncto
773 1043 801 1068 H,
813 1044 871 1064 itaut
879 1043 1014 1071 reffingulum
1023 1045 1087 1067 CAH

322 1076 405 1103 aequale
416 1076 453 1096 erit
465 1075 501 1103 ipfi
512 1075 584 1096 FAK.
598 1082 610 1095 a
619 1081 695 1102 puncto
706 1082 755 1096 vero
767 1075 782 1096 B
795 1075 878 1106 ducatur
893 1075 929 1096 BP
944 1076 1036 1103 parallela
1048 1077 1085 1104 ipfi

324 1108 371 1131 AO,
384 1112 515 1134 occurratque
526 1106 562 1134 ipfi
571 1106 611 1126 CA
622 1106 643 1127 in
657 1107 681 1127 Ε.
710 1106 745 1127 Est
753 1106 812 1134 igitur
822 1106 854 1127 BP
865 1111 918 1127 recta
926 1113 978 1134 quae
987 1114 1034 1128 curn
1045 1108 1085 1129 CA

323 1139 474 1165 comprehcndit
480 1138 574 1165 angulum
580 1138 636 1158 ΑΕΒ
642 1138 744 1165 aequalem
753 1138 825 1166 angulo
833 1137 900 1163 CAH,
913 1138 952 1159 hoc
961 1138 989 1160 est
998 1139 1045 1160 dato
1050 1146 1085 1160 an-

1036 1171 1085 1198 gulo
