1244 1619
328 104 359 128 40
490 91 693 117 LOCORUM
712 89 930 115 PLANORUM

327 144 388 164 centis
398 143 433 170 ipfi
443 143 505 166 CFE,
519 142 533 162 fi
544 142 594 162 ratio
603 142 648 162 dara
660 141 718 162 fuerit
732 140 810 168 majoris
824 140 849 160 ad
863 140 967 165 minorem,
981 142 1092 167 producen-

327 176 372 196 dam
382 175 419 196 effe
429 175 467 196 KL
477 175 501 195 ad
510 179 574 201 partes
584 173 654 201 punffi
663 173 688 193 L.
712 172 732 192 Si
740 178 788 192 vero
797 171 855 192 fuerit
864 171 914 191 ratio
923 171 968 192 dara
977 172 1058 193 minoris
1067 173 1092 193 ad

326 207 421 234 majorem
431 205 579 233 producendam
588 204 625 225 esse
635 205 659 224 ad
671 209 735 231 partes
745 202 814 230 punffi
823 202 848 223 K.

354 239 380 258 Et
390 238 476 258 {imiliter
485 236 569 257 omnino
578 235 690 256 invenietur
702 234 769 255 Locus
780 234 831 254 intra
841 234 937 260 angulum
953 234 1004 255 BFE
1014 234 1050 261 qui
1058 234 1091 254 de-

323 269 394 296 inceps
404 269 431 289 cst
441 268 476 296 ipsi
486 268 548 288 EFC.

353 310 396 331 Cas.
411 317 430 335 3.
444 309 533 337 Qando
545 309 615 329 dustae
629 308 678 333 AG,
692 307 734 328 ΑΗ
748 314 813 334 neque
825 307 928 334 parallelae
943 308 987 329 sunt
996 308 1092 336 pontione

325 342 374 362 daris
383 342 428 369 BC,⁸
438 341 490 365 DE;
504 347 568 367 neque
577 340 597 360 in
608 339 660 360 re&a
669 339 726 359 linea.

353 373 450 393 Occurrat
460 372 481 392 A
487 371 507 392 G
517 371 590 392 utravis
599 371 624 391 sc.
633 377 659 391 ex
668 371 737 394 duffis,
751 370 837 397 refiquae
848 370 946 398 positione
954 372 1011 392 datae
1020 370 1060 392 DE
1071 371 1093 391 in

325 404 350 424 K.
378 403 448 431 Specie
462 403 519 430 igitur
528 403 596 423 datum
608 402 636 422 est
645 402 765 429 triangulum

325 434 393 458 ΑΗΚ,
407 439 427 454 et
436 433 531 460 quoniam
539 433 584 453 data
593 432 620 453 est
629 433 679 453 ratio
688 433 730 453 AG
740 434 766 454 ad

325 466 344 485 Α
352 465 379 489 H,
393 470 415 485 ut
424 470 444 485 et
453 464 502 484 ratio
518 465 538 484 A
545 464 567 484 H
582 464 607 484 ad
621 464 673 488 ΑΚ,
686 464 766 485 dabitur

325 495 353 522 [8.
363 495 412 522 dan]
422 495 471 515 ratio
481 494 522 514 AG
536 495 561 514 ad
573 495 625 518 AK;
636 495 689 521 Ergo
705 495 767 522 tangit

325 525 424 552 punstum
435 526 454 545 A
464 524 537 545 roffam
547 524 644 551 positione
653 525 719 545 datam
731 532 767 552 per

325 563 363 576 cas.
373 562 392 575 2.
401 556 468 582 hujus.

426 607 567 632 Componetur
575 612 622 626 vero
632 606 664 626 ita.

354 643 374 662 A
383 640 461 668 pundh)
469 640 541 666 quovis
551 639 570 659 L
579 640 600 659 in
615 640 632 660 F
640 640 658 660 C
669 640 768 660 ducantur

326 672 352 692 ad
361 672 456 698 reliquam
466 670 563 697 pofitione
572 670 639 690 datam
653 670 692 690 DE
704 670 768 690 reffhu:

327 703 378 727 LM,
391 702 438 722 LN
448 702 504 721 datos
514 700 608 721 facientes
618 700 705 727 angulos,
721 708 769 721 cum

327 733 372 760 ipfis
381 733 422 756 BC,
436 731 482 755 DE,
494 738 545 758 quos
554 730 578 751 sc.
588 731 690 751 ducendae
697 738 709 751 a
717 738 770 758 pun-

329 764 362 784 &o
367 764 387 784 A
392 769 439 783 cum
447 762 513 782 iisdem
518 761 686 788 comprehendere
692 762 771 786 debent,

326 794 377 815 etin
386 794 436 814 LM
445 799 497 820 quae
507 799 554 813 cum
566 792 606 812 BC
618 791 665 812 facit
675 793 770 820 angulum

326 825 429 852 aequalem
442 824 461 844 ei
476 830 537 850 quem
547 823 637 843 ducenda
645 830 657 842 a
664 823 740 849 punsto
749 824 769 843 A

327 862 374 876 cum
388 855 458 875 eadem
474 854 513 874 BC
528 853 696 880 comprehendere
705 853 769 878 deber,

325 886 413 907 sumatur
423 885 475 905 rebla
484 884 528 905 oL
543 890 595 910 quae
604 884 629 904 ad
642 884 689 904 LN
701 884 769 906 datam

327 918 387 938 habet
397 916 494 936 rationem
504 922 565 941 quam
574 915 634 935 duob
640 922 652 935 a
662 915 739 942 punito
748 916 768 936 A

327 947 363 975 ipsi
374 947 419 967 LM
430 946 521 974 parallela
533 946 605 966 habere
617 946 675 966 debet
686 946 711 965 ad
725 946 768 966 reli-

328 984 389 1005 quam
395 977 480 997 duaestam.
485 977 511 997 Et
517 983 552 1003 per
559 983 597 997 cas*
604 983 622 996 2.
629 976 768 998 dueaturintra

328 1009 384 1029 illurn
391 1008 508 1034 angulorum
518 1006 580 1031 EFC,
590 1007 642 1027 EFB
650 1007 701 1027 iutra
707 1014 768 1034 quem

328 1039 435 1067 requiritur
444 1038 540 1066 punotum
555 1038 575 1058 A
587 1038 674 1063 existere,
691 1038 744 1059 resta
753 1038 787 1060 FP
797 1047 849 1067 quae
857 1040 925 1062 Locus
934 1041 962 1062 est
972 1040 1094 1068 punssorum

329 1078 364 1097 per
375 1077 461 1097 quorum
475 1070 558 1096 quodvis
572 1070 592 1090 A
606 1069 620 1090 fi
634 1070 659 1090 ad
673 1070 722 1097 ipsas
736 1071 777 1095 BC,
791 1071 831 1092 DE
843 1072 927 1094 ducatur
938 1073 990 1094 resta
1002 1073 1046 1093 GK
1057 1073 1094 1100 ipfi

329 1102 373 1121 LM
382 1102 478 1128 parallela,
492 1102 563 1122 habeat
573 1101 615 1122 GA
624 1102 649 1122 ad
660 1102 700 1122 ΑΚ
709 1103 793 1123 eandem
802 1103 900 1125 rationem
908 1111 969 1131 quarn
978 1105 1039 1125 habet
1053 1104 1094 1125 OL

325 1133 354 1152 ad
363 1132 416 1157 LM;
429 1133 474 1153 Erit
482 1133 515 1154 FP
524 1133 592 1154 Locus
601 1133 706 1161 quaefitus.
720 1134 776 1156 Nam
786 1141 812 1156 ex
820 1135 973 1161 consti-ustione,
978 1136 1009 1157 est
1018 1135 1062 1156 GA
1068 1136 1094 1156 ad

1047 1167 1094 1192 ΑΚ,
