1244 1619
328 97 355 121 18
474 93 679 120 LOCORUM
704 92 932 119 PLANORUM

351 147 394 168 Cas.
408 153 428 167 2.
442 146 492 166 Non
499 150 566 165 autem
578 143 601 164 fit
610 144 679 164 datum
689 143 787 170 pundhxm
796 144 816 164 A
827 144 847 165 in
857 145 1014 167 circumferentia
1026 148 1091 174 positi-

323 186 362 199 one
371 179 416 199 data
422 187 428 202 ;
441 182 461 197 et
470 176 541 197 ductae
550 175 587 196 sint
597 175 644 199 AB,
659 175 703 195 AC
713 175 782 195 datum
796 177 987 203 comprehendentes
997 179 1091 205 angulum

323 210 394 233 ΒΑΕ,
408 209 518 235 datumque
530 207 655 227 continentes
668 206 756 233 spatium:
773 211 839 233 tangat
848 213 915 227 autem
927 208 942 228 B
951 209 1046 229 terminus
1055 210 1091 230 cir-

324 240 474 262 cumferentiam
487 239 502 259 B
508 239 527 259 D
534 239 551 259 E
561 237 659 265 posstione
668 237 741 261 datam,
760 241 826 264 tanget
835 245 917 265 quoque
926 239 944 259 C
955 240 1050 261 terminus
1058 241 1091 261 ali.

324 279 357 292 am
366 270 544 292 circumferentiam
555 269 653 297 positione
662 269 734 289 datam.

350 303 448 323 Occurrat
457 302 511 322 enim
522 301 557 321 AB
566 300 736 321 circumferentiae
746 300 810 321 rursus
819 300 841 321 iu
850 300 876 325 D,
890 306 910 321 et
919 302 1016 328 quoniam
1024 310 1036 323 a
1043 303 1090 324 dato

324 334 400 361 punfto
415 334 435 354 A
449 333 474 353 ad
483 332 580 352 circulum
589 330 687 358 pofitione
696 331 766 351 datum

323 365 382 385 duffta
388 364 416 385 est
425 364 493 388 ADB,
502 363 580 383 dabitur
588 362 630 389 [92.
637 368 671 382 aut
678 368 710 389 93.
716 362 766 389 dat.]

323 396 458 423 reciaugulum
468 395 533 418 BAD;
548 394 656 420 datumque
665 400 690 413 ex
701 394 766 420 hypo-

323 426 371 447 thefi
377 427 403 447 est
409 426 544 452 reetangulum
550 425 610 449 BAC,
616 431 677 451 quare
684 424 703 450 [1
708 423 765 450 ‚dat.]

323 458 381 478 datur
394 457 443 477 ratio
455 456 562 482 restanguli
577 455 643 476 BAD
661 455 687 475 ad
701 454 765 481 ipsum

323 488 385 512 ΒΑΕ,
399 488 438 508 hoc
448 487 475 507 est
482 487 540 507 datur
549 486 598 506 ratio
608 485 671 506 reciae
683 486 702 505 A
709 485 728 505 D
738 485 764 505 ad

322 519 374 539 AC.
393 518 489 545 quoniam
504 517 561 544 igitur
570 524 582 537 a
591 517 638 537 dato
653 516 729 543 punflo
742 517 763 536 A

323 549 393 570 ductae
399 549 443 569 sunt
452 548 500 573 AD,
509 549 548 568 AC
558 548 627 568 datum
633 547 765 574 comprehen-

324 580 392 600 dentes
403 579 498 606 angulum
508 579 552 599 DA
559 579 583 603 C,
597 579 704 604 datamque
714 577 765 598 inter

310 606 312 608 ¹
323 610 343 631 se
356 611 453 631 rationem
467 611 573 634 habentes,
592 609 687 629 terminus
698 614 766 629 autem

324 641 383 662 unius
396 642 416 662 D
430 641 491 668 tangit
501 640 680 661 circumferentiam
692 639 788 667 pofitionc
803 640 869 660 datam
884 640 949 664 BDE,
963 640 1058 661 terminus
1070 642 1089 662 C

325 673 403 693 alterius
409 677 475 699 tanget
484 671 661 692 circumferentiam
671 670 767 698 pofitione
776 670 848 695 datam,
862 677 895 698 per
906 671 966 697 Prop.
976 677 996 696 7.
1005 671 1070 698 hujus.

589 710 730 737 Componetur
738 716 786 730 vero
796 710 829 730 ita.

352 742 372 762 A
384 742 430 762 dato
441 741 517 769 puncto
530 742 550 762 A
562 742 645 762 ducatur
659 749 695 769 per
703 747 794 763 centrum
804 742 871 763 circuli
883 742 979 770 positione
988 743 1028 764 dati
1037 743 1089 764 πεδία

325 773 388 797 AEF,
402 778 422 793 et
430 774 456 793 ab
465 773 535 793 eodem
542 779 618 800 puncto
631 773 716 794 ducatur
727 773 779 793 recia
793 773 835 794 AG
847 781 898 800 quae
910 774 968 795 faciat
976 779 1020 795 tum
1028 782 1089 802 angu-

324 805 366 825 lum
384 804 401 825 F
409 804 455 825 AG
469 805 572 831 aequalem
582 805 654 832 angulo
664 805 716 829 dato,
730 810 774 825 tum
786 805 920 832 rectangulum
934 806 1003 826 FAG
1017 813 1089 833 aequa-

324 836 343 856 le
358 835 420 862 spatio
435 836 481 856 dato
489 844 495 860 ς
513 840 533 856 et
550 842 585 862 per
604 835 769 862 compositionem
788 835 847 862 Prop.
861 842 880 860 7.
897 836 930 862 huj
934 843 955 855 us
972 837 1090 857 describatur

325 866 481 887 circumferentia
490 873 541 893 quae
550 867 605 886 locus
615 866 643 886 est
649 865 771 892 punctorum
781 865 802 885 G
812 872 863 892 quae
875 865 898 885 sc.
909 866 987 886 termini
996 867 1040 887 sunt
1049 874 1090 887 rec-

325 903 390 919 tarum
403 897 450 917 AG
461 904 512 923 quae
522 904 567 917 cum
578 896 642 917 ductis
652 896 695 916 ΑΕ
705 896 730 916 ad
740 896 919 917 circumferentiam
929 897 988 917 BDE
998 904 1090 924 compre-

326 929 416 949 hendunt
427 928 520 954 angulum
530 928 576 948 dato
587 927 650 947 FAG
660 928 769 953 aequalem,
783 932 802 948 ct
811 927 836 947 ad
845 934 894 954 quas
903 927 966 947 reciae
977 928 1021 948 ΑΕ
1031 929 1090 949 ratio-

325 965 373 979 nem
381 959 455 979 habent
464 958 566 984 aequalem
574 957 644 978 rationi
654 958 692 977 AE
699 958 723 978 ad
733 957 782 977 AG.
810 957 838 978 Sit
844 957 1000 978 circumferentia
1006 958 1090 986 descrip-

325 996 346 1010 ta
352 989 421 1014 GCH,
437 990 480 1009 Erit
491 990 540 1009 haec
551 989 619 1009 Locus
630 988 734 1015 quaesitus,
747 989 787 1009 hoc
796 988 824 1009 cst
833 988 846 1008 fi
856 988 939 1009 ducatur
945 989 1025 1015 quaevis
1035 990 1090 1010 ABa

325 1020 402 1048 punCto
410 1020 431 1040 A
438 1020 462 1040 ad
468 1020 564 1041 circulum
574 1020 635 1044 BDE,
649 1025 669 1040 et
677 1020 703 1040 ab
713 1020 784 1040 eodem
793 1019 869 1047 punfto
875 1020 958 1040 ducatur
967 1020 1006 1040 ΑΚ
1015 1020 1090 1041 faciens

325 1051 420 1078 angulum
429 1051 484 1071 ΒΑΚ
493 1052 596 1078 aequalem
606 1050 640 1078 ipfi
649 1051 714 1076 FAG,
726 1056 816 1071 occurret
823 1050 862 1071 ΑΚ
868 1051 942 1071 circuio
949 1050 1011 1071 GCH
1017 1051 1049 1078 [ut
1055 1059 1090 1078 pa—

325 1087 353 1103 tet
364 1089 390 1103 ex
401 1082 461 1110 Prop.
474 1089 494 1109 7.
503 1083 571 1110 hujus]
581 1083 602 1103 in
611 1082 689 1109 punctis
698 1082 776 1102 duobus
789 1082 813 1106 C,
825 1081 853 1106 H,
867 1082 942 1108 eritque
954 1083 1090 1109 restangulum

324 1113 380 1134 BAC
387 1114 469 1140 aequale
475 1114 521 1135 dato
530 1113 643 1141 restanguio
650 1114 666 1135 F
668 1113 716 1138 AG,
730 1113 841 1134 dummodo
848 1113 872 1133 sc.
880 1113 981 1134 sumantur
986 1120 1021 1134 eae
1028 1113 1090 1134 resta-

326 1151 371 1166 rum
379 1144 443 1170 ADB,
456 1144 518 1166 ΑΕΗ
525 1145 668 1166 interfectiones
675 1152 722 1166 cum
728 1144 805 1166 circulis
811 1151 863 1171 quae
869 1143 943 1165 suntad
951 1144 1037 1172 ipsorum
1044 1151 1090 1192 9ῗὲ
