1244 1619
353 100 486 124 LIBER
513 101 693 127 PRIMUS.
875 113 904 138 23

435 191 532 216 Prior.
559 192 611 216 XV.

174 249 202 273 S1
213 256 227 272 a
237 245 326 271 duobus
337 245 426 279 punstis
442 245 552 270 ducantur
566 246 624 270 duae
639 248 711 271 restae
722 247 849 281 parallelae,
867 248 905 273 da-

140 292 190 312 tum
205 285 351 310 continentes
365 283 471 318 spatium,
489 289 569 318 tangat
580 290 657 309 autem
669 286 778 310 terminus
788 286 852 311 unius
864 287 906 312 cir-

140 323 314 350 cumferentiam
322 323 436 357 pofitione
445 322 532 352 datam;
544 322 560 347 fi
568 324 678 357 punctum
686 323 766 349 datum
774 334 787 349 a
795 335 841 359 quo
848 325 906 351 haec

139 363 204 388 duaa
216 362 248 386 est
256 361 323 386 fuerit
332 361 356 386 in
366 370 392 386 ea
401 360 591 391 circumferentia,
609 368 689 396 tanget
697 364 806 388 terminus
815 365 905 389 alterius

139 402 223 426 restam
235 400 348 434 pofitione
362 399 447 424 datam.
482 399 505 423 Si
518 408 573 424 vero
585 402 695 434 punctum
710 401 766 426 illud
778 412 825 427 non
840 402 907 427 fuerit

140 439 163 464 in
175 448 202 464 ea
214 437 401 468 circumferentia,
420 443 500 471 tanget
511 438 620 463 terminus
632 439 721 465 alterius
733 440 799 465 aliam
812 441 907 466 circum-

141 477 260 503 ferentiam
271 476 384 512 pofitione
395 476 480 502 datam.
515 480 602 508 Videfig.
607 479 690 509 praeced.

169 535 212 556 Cas.
229 543 245 557 1.
259 535 311 556 Sin-r
320 536 365 556 data
373 535 450 563 pun&a
460 536 481 560 B,
489 536 515 560 A,
525 542 611 562 quorum
620 536 636 556 B
645 536 667 557 fit
676 537 698 558 iu
706 537 864 559 circumferentia
872 545 909 566 po-

143 566 212 588 sitione
221 567 273 591 data,
283 565 356 587 ‘circuli
364 567 389 587 sc.
399 567 455 594 cujus
469 566 563 587 diameter
574 566 602 587 est
611 567 654 593 BL,
667 573 687 588 et
698 568 796 589 ducantur
807 569 852 593 BD,
866 570 907 590 AC

144 598 195 619 inter
208 598 226 618 se
242 597 349 624 parallelae,
363 603 382 618 et
396 598 463 618 datum
479 598 602 619 continentes
616 599 711 626 span'urm
727 600 822 621 terminus
830 607 878 621 vero
888 601 908 621 D

144 629 168 650 fit
182 629 204 649 in
217 628 373 649 circumferentia
381 629 445 653 BDL;
459 633 525 656 tanget
540 629 635 650 terminus
649 631 667 651 C
678 631 753 652 refiam
765 631 863 658 positione
874 632 908 652 da—

145 666 192 681 mm.

170 703 264 723 Sumatur
272 703 325 723 enim
334 703 355 723 in
365 703 385 723 A
392 704 410 724 C
421 703 519 731 piinstum
528 704 550 724 G
559 704 633 724 faciens
641 704 662 725 A
668 704 689 725 G
700 704 802 731 aequalem
812 704 848 732 ipfi
862 704 910 731 BD,

143 740 163 755 et
172 742 207 762 per
216 735 275 762 Prop.
288 741 318 760 ¹3·
327 734 386 762 hujus
398 740 464 762 tanget
478 734 577 762 punstum
590 734 611 756 G
622 735 801 756 circumferentiam
812 736 910 763 positione

144 767 216 792 datam,
230 766 297 787 circuli
306 766 330 787 st:-
345 766 400 793 cujus
406 767 502 787 diameter
511 767 551 787 ΑΚ
560 767 646 794 aequalis
653 772 672 787 et
681 768 773 795 parallelo.
781 768 808 788 est
821 767 856 794 ipsi
869 767 909 788 BL.

145 804 164 819 et
173 797 269 826 quoniam
275 804 287 818 a
294 797 340 818 dato
350 796 427 824 puncto
436 798 456 818 Α
465 798 536 819 ductae
542 797 587 818 sunt
597 798 644 822 AC,
657 798 700 818 AG
706 798 728 819 in
738 799 807 819 eadem
819 803 877 823 recta,
890 804 911 819 et

147 831 215 851 datum
223 830 345 850 continentes
353 829 443 856 spatium,
457 834 477 850 et
483 829 511 850 est
517 829 612 850 terminus
619 829 640 850 G
651 830 672 850 in
681 829 837 850 circumferentia
845 829 911 857 pofiti-

146 868 188 882 one
194 861 240 881 data
248 860 268 881 in
280 867 319 887 qua
329 859 355 880 est
364 860 390 885 A,
404 865 470 887 tanget
479 860 573 880 terminus
584 861 602 880 C
612 865 686 880 rectam
697 860 795 887 positione
801 861 868 881 datam
876 866 911 887 per

147 893 208 919 Prop.
217 898 235 919 9.
245 892 302 919 hujus
311 892 355 913 Cas.
368 898 384 912 1.
413 891 447 912 Est
458 892 506 912 haec
515 891 609 912 conversa
614 891 753 918 praecedentis,
764 897 784 912 et
793 891 912 918 compositio

146 924 206 944 obvia
217 923 245 943 est
256 930 280 944 ex
295 923 316 946 iis
324 923 345 943 in
355 923 414 950 Prop.
425 929 443 949 9.
453 928 473 943 et
486 928 516 947 13.
525 922 589 949 hujus,
603 922 627 943 st.
642 923 734 943 ducendo
745 922 788 943 ΑΗ
798 922 911 949 parallelum

145 954 180 982 ipsi
194 954 230 974 BL
240 961 292 981 quae
301 954 358 975 faciat
370 954 506 981 rectangulurn
518 958 635 974 contentum
647 954 697 979 AH,
712 953 755 979 BL,
768 954 800 974 seu
810 959 911 981 rectangu-

145 985 356 1012 mmm-*aequale
367 985 429 1012 spatio
442 986 496 1010 dato,
509 990 529 1005 et
541 986 633 1006 ducendo
646 992 682 1013 per
694 985 717 1006 H
728 991 801 1006 rectam
814 984 873 1005 EHF
886 985 911 1005 ad

146 1023 209 1039 rectos
221 1018 303 1044 angulos
315 1016 350 1044 ipsi
363 1017 412 1037 HA.
426 1017 490 1038 ductis
499 1016 553 1037 enim
565 1017 607 1042 BD,
621 1017 661 1037 AC
674 1017 777 1044 parallelis,
790 1016 826 1037 erit
838 1021 912 1037 rectan-

147 1049 216 1077 gulum
227 1049 270 1073 BD,
284 1049 323 1069 AC
334 1049 374 1069 hoc
383 1048 411 1069 est
422 1048 484 1070 GAC
497 1048 579 1076 aequale
584 1048 621 1076 ipfi
630 1048 699 1073 HAK,
714 1048 748 1069 seu
756 1053 852 1070 contento
862 1047 912 1076 ΑΗ,

147 1080 189 1105 BL.
200 1081 238 1102 hoc
247 1080 274 1101 est
284 1080 346 1109 spatio
357 1080 410 1101 dato.
481 1077 483 1079 ’

836 1130 879 1151 Cas.
892 1135 914 1161 23
