1244 1619
351 111 382 135 24
496 97 706 124 LOCORUM
730 98 964 123 PLANORUM

375 152 418 172 Cas.
435 157 453 170 2.
467 150 510 170 Sint
520 150 546 173 A,
556 149 571 168 Β
581 148 655 175 ριιηὲὶε
664 148 715 172 data,
729 153 749 168 et
757 148 783 168 ab
792 147 837 175 ipfis
847 149 945 169 ducantur
954 150 1056 176 parallelae
1065 151 1112 177 AC,

348 184 383 204 BD
393 184 461 203 datum
471 181 594 201 continentes
603 180 693 207 spatium,
709 185 729 200 et
739 185 804 206 tangat
813 183 831 202 C
844 180 1021 203 circumferentiam
1033 183 1112 209 politio-

347 222 372 236 ne
381 215 448 234 datam
457 212 513 239 cujus
521 212 616 233 dfa'meter
625 219 676 239 quse
685 211 751 231 transit
762 218 798 238 per
806 212 826 232 A
836 212 863 232 cst
872 213 914 237 EF,
930 220 971 234 nou
981 219 1048 235 autem
1057 214 1079 235 fit
1090 215 1111 235 A

346 246 368 267 in
376 252 399 265 ea
408 244 566 265 circumferentia
569 253 575 268 ;
586 248 653 270 tanget
661 243 720 264 etiam
729 243 750 263 D
759 243 817 264 aliam
827 244 1004 266 circumferentiam
1013 245 1111 273 positione

346 278 465 329 ὼιδῗιζεωτ
474 307 528 328 enim
537 307 558 327 in
567 306 607 327 AC
618 305 672 326 recta
680 305 723 326 AG
733 306 819 334 aequalis
828 306 864 334 ipsi
873 307 915 332 BD,
924 312 944 328 et
951 308 1047 334 quoniam
1056 317 1068 330 a
1076 310 1110 330 da—

345 346 367 361 to
382 339 459 368 punRo
477 340 498 360 A
515 337 586 358 dueme
604 337 648 357 sunt
1024 350 1044 371 G

345 372 392 396 AC,
405 370 448 392 AG
463 370 484 391 in
491 369 560 390 eadem
567 367 620 389 reeta
626 367 649 388 li-

346 409 391 426 nea‚
406 408 426 423 ct
442 402 511 422 datum
525 400 649 421 continentes
834 414 850 432 F
868 414 891 433 A

346 433 437 460 spatium,
449 438 469 453 et
482 432 510 452 cst
521 430 616 452 terminus
630 431 648 450 C
844 427 852 433 ⁴

345 464 367 484 in
380 462 537 484 circumferentia
551 460 649 489 pofitione
829 465 847 484 ς,
901 472 921 491 D

345 496 390 515 data
404 495 476 519 ECF,
490 494 511 514 in
520 494 590 514 eadem
600 499 647 513 vero

344 533 387 547 non
395 526 423 546 est
432 525 531 553 punRum
542 525 569 549 A,
580 529 647 551 tanget
721 524 729 527 ‘
785 521 810 539 N

344 557 443 586 puncium
456 556 478 577 G
493 555 648 577 circumferend-
740 552 761 573 Β
778 563 804 583 M
952 550 974 569 L

344 595 378 609 am
383 587 481 616 politione
487 587 554 607 datam
558 592 595 614 per
600 586 647 606 Cas.

344 626 364 640 2.
375 619 435 646 Prop.
448 625 467 645 9.
476 618 541 645 hujus.
559 618 587 638 Et
595 623 647 643 quo-

343 650 416 670 niama
425 649 503 669 duobus
512 648 591 675 punffis
605 647 654 667 datis
669 648 696 672 A,
709 648 724 668 B
738 648 809 669 ductae
819 650 863 669 sunt
876 650 931 674 AG,
946 650 987 670 BD
1000 649 1109 677 parallelae,

344 681 412 701 datam
426 680 520 700 habentes
534 678 638 702 rationem,
655 678 746 705 aequales
758 679 813 700 enim
824 680 874 704 sunt,
887 686 907 701 et
920 680 981 706 tangit
992 680 1013 700 G
1025 681 1109 701 circum-

342 711 446 732 ferentiam
454 710 552 738 politione
561 709 634 734 damm,
648 714 715 736 tanget
723 716 805 738 quoque
814 711 834 732 D
849 711 1029 732 circumferentiam
1042 712 1109 739 positi-

343 749 382 763 one
391 743 458 763 datam
467 748 503 769 per
512 741 572 769 Prop.
584 747 614 766 13·
624 740 689 768 hujus.

369 782 509 809 Componetur
515 787 563 801 vero
568 787 608 808 ope
615 779 785 807 compositionum
794 781 840 801 Cas.
846 787 870 801 2.
879 781 939 809 Prop.
949 788 968 809 9.
975 787 997 805 ,et
1007 781 1068 809 Prop.
1078 788 1108 808 ¹3·

341 813 407 841 hujus,
419 813 444 834 sc.
458 813 551 833 Sumatur
559 812 580 833 in
590 812 630 832 AF
640 811 692 832 reela
706 811 751 833 ΑΗ
765 819 817 839 quae
826 812 885 833 faciat
894 813 1029 840 rectangulum
1042 814 1108 835 EAH

341 845 424 872 aequale
431 844 493 872 spatio
502 844 555 868 dato,
569 848 589 864 et
598 848 620 863 ut
629 842 668 863 AF
677 843 702 862 ad
712 842 761 867 ΑΗ,
775 843 802 863 ita
813 843 848 863 fiat
857 844 896 863 AE
905 844 931 863 ad
940 844 989 867 AK;
997 840 1033 871 per'
1039 845 1054 864 B
1060 851 1110 872 vei-q

341 876 426 896 ducatur
434 874 487 895 resta
496 874 588 902 parallela
597 872 634 901 ipsi
647 872 697 898 ΑΗ,
712 872 734 893 in
744 880 786 900 qua
794 873 896 895 sumantur
905 874 949 899 BL,
963 874 1007 895 ΒΜ
1017 877 1109 902 aequales

340 906 386 934 ipfis
394 905 443 930 AH.
457 905 503 930 ΑΚ,
517 910 537 926 et
545 905 602 932 super
611 904 730 925 diametrum
742 903 788 925 ML
797 904 915 927 describatur
923 905 1013 930 circulus,
1026 906 1062 927 erit
1071 909 1108 928 hu-

338 937 370 965 jus
379 936 536 958 circumferentia
545 936 613 956 Locus
623 934 727 962 quaefitus.
739 941 752 955 a
761 935 838 962 puncto
847 936 901 956 enim
910 937 930 956 A
940 934 1024 960 ducatur
1036 938 1062 958 ad
1071 938 1107 958 cir-

341 969 410 989 culum
420 969 475 989 ECF
486 967 567 995 quaevis
576 968 623 992 AC,
636 967 670 988 cui
678 973 690 987 a
698 973 775 995 puncto
790 967 805 988 B
819 968 910 994 pai-ancla
921 968 1004 998 ducatur
1015 968 1060 993 BN,
1073 975 1107 989 oc-

339 1005 406 1021 curret
416 1000 465 1020 haec
474 999 548 1020 circulo
556 998 623 1020 MDL
632 998 653 1019 in
661 998 749 1025 quodam
759 1003 836 1025 puncto
845 999 872 1024 D,
885 1004 905 1020 et
915 996 1050 1030 rectang'ulurn
1060 1000 1106 1025 Ac,

342 1032 377 1054 BD
390 1031 472 1058 aequale
485 1031 521 1059 erit
530 1031 567 1058 ipsi
580 1030 642 1052 EAH
649 1039 655 1055 ς
666 1030 784 1051 describatur
797 1030 851 1051 enim
864 1031 921 1058 super
931 1031 1051 1052 diametrum
1064 1031 1106 1056 KH

342 1061 426 1084 'circulus
441 1061 511 1086 KGH,
524 1067 544 1082 et
558 1069 594 1089 per
602 1062 649 1082 Cas.
662 1067 682 1081 2.
693 1061 753 1089 Prop.
768 1068 786 1088 9.
799 1061 847 1082 huic
861 1067 951 1083 occurret
962 1067 1014 1083 recta
1029 1063 1069 1084 Ac
1084 1062 1106 1084 in

342 1099 418 1122 puncto
428 1093 516 1120 quodam
524 1092 545 1112 G
556 1093 582 1113 ita
590 1097 613 1113 ut
624 1093 759 1119 rectangulum
773 1092 835 1112 CAG
848 1093 930 1119 aequale
945 1093 968 1113 fit
981 1092 1017 1121 ipsi
1031 1090 1104 1114 ΕΑἨ.

342 1132 378 1152 per
387 1125 446 1151 Prop.
455 1129 523 1144 autern
535 1131 565 1149 13.
578 1123 674 1150 quoniam
682 1123 707 1144 sc.
720 1123 767 1148 BL,
782 1124 829 1145 BM
839 1124 930 1151 aequales
941 1124 984 1144 sunt
994 1124 1039 1151 ipfis
1051 1124 1104 1150 ΑΗ,

342 1157 383 1177 AK
390 1156 413 1177 in
422 1156 478 1177 rectis
487 1155 588 1183 parallelis,
596 1160 686 1176 occurret
695 1155 734 1177 BN
742 1155 817 1177 circulo
825 1155 892 1177 MDL
900 1156 921 1176 in
930 1160 1007 1183 puncto
1015 1156 1105 1204 quofiiqnur

1076 1188 1083 1203 ι
