1244 1619
327 75 358 110 36
469 74 680 99 LOCORUM
707 76 943 101 PLANORUM

322 126 360 146 DE
370 131 474 145 occurrens
481 125 501 145 in
511 125 535 149 F,
542 124 569 149 G,
575 125 611 145 crit
620 125 657 145 AF
667 125 691 145 ad
701 125 749 150 AG,
759 131 782 146 ut
790 125 832 146 HL
841 127 865 146 ad
877 126 922 147 LK.
932 127 1028 154 Jungatur
1036 129 1089 149 enim

321 157 367 181 ΚΑ,
382 161 511 183 occurratque
521 155 557 182 ipfi
567 156 600 176 BC
610 156 630 176 in
640 157 672 177 M.
700 156 761 183 Igitur
770 164 827 184 prop-

322 193 352 208 ter
361 187 461 214 parallelas
470 187 497 207 est
505 187 542 207 AF
552 187 576 207 ad
586 186 635 211 AG,
649 192 671 207 ut
680 186 735 214 (AM
747 188 773 208 ad
782 188 827 213 AK,
855 174 929 200 B—-M
956 176 975 196 F
996 177 1018 197 H
1036 181 1053 199 ο

321 220 360 239 hoc
366 218 394 239 est
403 220 434 245 ut)
442 218 483 238 HL
489 218 513 238 ad
524 217 568 242 LK,
582 218 622 238 hoc
629 218 656 238 est
666 218 686 238 in
694 219 769 238 ratione
775 219 827 241 data.
1011 220 1029 237 L

348 249 476 269 Manifestum
484 253 550 268 autem
557 249 584 268 est
596 249 617 269 in
626 249 670 269 casu
681 256 722 276 quo
730 255 828 277 punctum

320 280 341 300 A
355 280 459 306 requiritur
472 279 557 299 inveniri
572 285 627 300 extra
641 281 751 307 parallelas,
770 281 829 301 ratio-
850 277 869 295 D
909 275 930 294 G
1010 277 1032 298 K
1046 278 1064 298 E

321 318 367 331 nem
374 311 439 331 datam
447 317 508 337 quam
514 311 574 331 habet
584 310 625 330 AG
634 311 693 330 ducta
702 311 726 330 sc.
733 311 758 331 ad
766 312 828 338 paral·
943 322 963 342 A
996 325 1016 343 L

320 342 377 363 lolam
386 341 519 366 remotiorem,
527 342 552 362 ad
562 341 600 361 AF
610 342 690 361 ductam
699 341 724 361 ad
732 341 828 368 reliquam
938 339 942 341 ”

319 373 437 400 parallelum,
456 372 527 394 debere
540 372 638 393 rationem
655 372 692 393 effe
709 372 788 399 majoris
801 373 827 393 ad
921 365 939 383 F
1007 368 1030 386 ff
1048 368 1064 387 0

321 410 425 423 mmorem.

346 434 389 454 Cas.
405 441 424 454 2.
439 434 527 461 Quando
533 434 578 459 AF,
591 434 634 455 AG
641 435 712 455 ductae
722 434 758 455 fint
767 435 789 455 in
795 435 830 455 da—.
853 421 872 440 D
906 421 925 441 G
1009 424 1029 444 K
1045 425 1063 444 E

320 466 343 486 tis
350 466 425 493 angulis
435 466 499 490 AFC,
508 466 576 490 AGE,
590 471 610 486 et
619 466 750 493 requiriturut
755 472 855 494 punctum
864 468 883 487 A
893 466 915 487 fit
925 467 1086 494 interparallelas.

346 498 444 517 Occurrat
453 496 492 517 AG
503 496 539 524 ipfi
549 497 582 517 BC
596 498 616 517 in
631 497 659 522 H,
672 503 692 518 et
706 498 802 524 quoniam
812 498 868 518 datus
878 498 906 518 est
921 499 1003 525 angulus
1018 498 1087 524 AGE,

319 528 397 548 dabitur
405 528 471 548 eidem
478 528 564 554 aequalis
575 528 622 548 ΑΗ
628 528 646 548 F
649 537 654 552 3
668 533 688 549 et
696 528 753 550 datus
761 529 789 549 est
801 529 821 549 A
827 529 844 549 F
852 529 881 553 H,
895 537 957 556 quare
967 530 1087 556 triangulum

319 559 379 580 AHF
388 559 451 586 specie
458 559 526 579 datum
535 559 569 583 est,
583 559 625 586 [41.
635 559 689 586 dat.].
704 560 749 579 data
758 560 816 586 igitur
822 560 852 580 est
857 560 907 580 ratio
916 560 959 580 ΑΗ
971 561 996 580 ad
1008 561 1053 584 AF,
1067 566 1086 581 et

319 598 344 611 ex
353 590 460 618 hypothefi
469 591 514 611 data
525 590 552 610 est
566 591 615 610 ratio
625 590 667 610 AF
677 590 702 610 ad
711 589 753 610 AG
757 599 762 614 ς
776 597 823 617 ergo
836 590 864 617 [8.
876 591 925 618 dat.]
939 592 984 611 data
999 592 1027 612 est
1036 592 1086 612 ratio

320 622 363 643 ΑΗ
372 622 397 642 ad
406 621 448 641 AG
451 631 457 646 ;
470 621 555 648 ideoque
565 626 617 641 recta
626 627 678 647 quae
687 628 723 647 per
731 622 750 640 A
760 620 819 641 ducta
826 621 854 641 est
863 621 898 648 ipfi
908 622 942 642 BC
949 623 1040 649 parallela
1049 629 1086 649 po-

319 653 387 674 fitione
396 652 474 673 dabitur
484 652 527 678 [37.
540 651 594 680 ἀει]
610 651 672 678 tangit
685 656 788 678 propterea
800 657 901 679 punctum
913 653 935 673 A
949 658 1023 675 rectam
1033 654 1086 674 hanc

319 684 416 712 positione
425 684 498 704 datam.

583 736 723 762 Componetur
732 741 780 756 vero
790 735 823 756 ita.

346 775 368 794 A
377 779 454 801 puncto
463 774 533 801 quovis
546 773 568 795 H
582 775 603 795 in
618 775 651 795 BC
667 775 764 795 ducantur
772 775 798 795 ad
807 775 903 802 reliquam
916 775 1028 803 parallelum
1037 775 1084 799 DE,

319 811 382 826 rectae
391 805 441 830 HG,
454 805 504 830 HK,
518 812 603 832 quarum
613 805 659 826 HG
668 805 727 827 faciat
738 813 799 833 angu-
818 817 834 835 g
868 819 884 835 p
942 820 965 836 Η
1030 818 1048 835 0

317 837 361 857 lum
376 836 439 857 HGE
451 837 554 863 aequalem
561 837 607 857 dato
614 837 687 862 angulo
697 843 757 862 quem
763 838 800 857 du·
1042 848 1044 850 -

319 867 381 887 cende
394 867 419 887 ad
430 867 469 887 DE
483 874 529 887 curn
540 866 580 893 ipsa
589 867 757 894 comprehendere
766 867 799 887 de-

319 900 351 919 bet
355 908 360 922 ;
369 904 388 919 et
398 898 440 919 HK
448 898 506 918 faciat
515 898 610 925 angulum
623 897 685 918 HKD
696 898 800 924 aequalem
830 908 860 925 M,

318 929 395 956 reliquo
406 929 452 949 dato
461 929 540 955 angulo.
554 933 575 948 et
586 928 609 948 fit
622 928 672 948 ratio
680 928 725 949 data
738 935 800 956 quam
817 946 835 961 D
891 946 907 962 G
954 950 956 952 ,
996 947 1018 964 Κ
1034 947 1051 965 Ε

319 960 409 981 ducenda
418 960 443 980 ad
452 960 491 980 DE
500 960 574 980 habere
583 959 642 979 debet
651 960 679 979 adv
688 960 799 980 ducendam

319 992 344 1012 ad
355 992 389 1012 BC
398 991 484 1017 aequalis
492 990 562 1012 rationi
571 990 612 1011 LH
622 991 647 1010 ad
656 990 703 1015 HK,
718 996 738 1011 et
747 991 820 1012 secetur
828 990 872 1011 GH
881 990 931 1011 in-A
940 991 967 1011 ita
973 995 995 1011 ut
1007 989 1050 1010 GA
1061 990 1083 1010 fit

319 1024 344 1043 ad
353 1022 402 1047 ΑΗ,
415 1027 438 1043 ut
449 1022 492 1043 LH
504 1022 529 1042 ad
541 1021 593 1045 HG;
607 1028 642 1049 per
654 1023 674 1042 A
685 1029 732 1043 vero
739 1023 822 1043 ducatur
836 1022 881 1042 AM
896 1021 932 1049 ipfi
942 1022 975 1042 BC
987 1021 1085 1048 parallela,

319 1054 362 1075 Erit
371 1055 420 1074 haec
434 1053 502 1074 Locus
511 1052 618 1080 quaefitus;
632 1053 671 1073 hoc
681 1053 708 1074 est
716 1053 731 1074 fi
742 1061 754 1074 a
766 1054 837 1080 quovis
847 1053 866 1073 in
877 1053 916 1080 ipsa
931 1058 1006 1080 puncto
1016 1053 1035 1072 A
1046 1052 1082 1072 dn-

319 1091 388 1106 cantur
398 1085 436 1106 AF
437 1100 442 1110 ‚
451 1085 493 1105 AG
502 1085 528 1105 ad
537 1085 637 1111 parallelas
647 1085 666 1105 in
676 1085 725 1106 datis
735 1085 816 1112 angulis,
829 1085 865 1105 erit
873 1084 916 1105 AG
925 1085 950 1104 ad
959 1084 997 1104 AF
998 1092 1003 1108 3
1013 1089 1035 1104 ut
1042 1083 1083 1104 LH

320 1117 345 1137 ad
353 1116 400 1137 HK,
428 1117 462 1138 Ex
471 1116 615 1137 constructione
624 1116 677 1137 enim
686 1117 713 1138 est
722 1116 765 1137 AG
775 1117 801 1137 ad
808 1116 862 1141 AH„
872 1121 894 1136 ut
905 1115 947 1137 LH
956 1116 981 1136 ad
994 1115 1048 1139 HG;
1061 1120 1085 1135 ut

545 1149 548 1152 ·
1036 1148 1084 1162 vero
