1244 1619
308 106 338 131 30
452 94 664 119 LOCORUM
691 94 924 119 PLANORUM

308 150 363 171 gatur
374 145 428 165 enim
440 144 520 164 describi
535 144 618 165 circulus
633 144 690 171 super
701 144 820 164 diametrum
830 143 881 168 AL,
895 149 915 164 et
928 144 1024 171 quoniam
1038 146 1076 165 hu-

305 177 338 203 jus
350 176 506 197 circumferentia
524 176 591 196 Locus
606 176 634 196 est
650 176 671 196 in
685 175 745 203 Prop.
762 182 792 195 10.
808 175 919 203 descriptus,
934 176 993 196 ἀιιὲὶὲ
1005 177 1075 203 quavis

308 209 347 229 AC
357 209 382 228 ad
392 207 439 231 FG,
453 207 467 228 fi
479 208 562 227 ducatur
576 207 622 227 AN
636 207 683 227 faci-

308 247 343 260 ens
353 240 448 266 angulum
460 239 527 259 CAN
539 240 642 266 aequalem
653 239 683 266 ip-
733 235 752 255 F
780 239 802 258 Κ
892 247 910 266 C

308 271 322 292 sn
338 270 419 295 KAL,
437 276 527 290 occurret
544 271 593 291 haec
609 271 683 291 circulo

305 303 326 323 -A
335 301 383 322 LH
398 302 419 322 in
433 302 509 329 punsto
521 301 542 322 H
556 302 611 329 quod
625 302 683 323 faciet

308 332 443 360 reblangulum
458 331 533 353 CAH
550 333 632 359 aequale
647 332 684 360 ips:

307 363 379 384 KAL,
394 364 478 384 ducatur
495 363 536 384 ΒΟ
550 363 642 391 parallela
654 370 683 384 re·
920 368 924 375 '
1039 365 1067 384 M

308 395 351 415 &ae
360 394 408 419 AH,
423 400 552 421 occur-ratque
565 394 601 422 ipsi
611 395 650 415 CA
662 394 683 415 in

309 426 333 446 E.
348 426 430 452 angulus
447 425 504 452 igitur
518 426 582 446 ΒΕΑ
597 426 684 453 aequalis

308 456 335 477 est
345 456 380 483 ipss
389 455 454 477 CAH
465 457 504 477 hoc
516 456 543 477 est
553 457 625 484 angulo
636 457 684 477 dato
697 468 718 493 Ε
735 451 744 454 s

308 487 373 512 KAL,
381 493 400 508 et
409 493 490 515 propter
499 488 589 515 aequales
595 493 615 508 et
622 488 684 515 paral-

306 519 353 539 lelas
370 519 420 543 AL,
433 519 447 539 B
454 519 485 544 M,
499 524 519 539 nt
527 520 627 546 parallelas
637 519 691 544 AH,
706 520 749 545 OB,
763 527 854 542 occurret
860 521 929 548 [Prop.
944 528 974 547 13.
984 521 1035 548 huj.]
1041 520 1077 541 OB

308 550 382 570 circulo
392 550 458 571 BMD
468 550 488 570 in
501 550 577 577 punsto
589 551 678 577 quodam
690 551 717 575 D,
732 552 759 571 ita
768 557 791 572 ut
800 552 892 578 acqua1es
903 557 961 572 erunt
971 551 1022 576 ΑΗ,
1032 552 1077 576 BD;

308 581 405 602 ostensum
419 586 486 602 autem
499 581 528 602 est
537 581 672 609 refrangulurn
682 582 749 602 CAH
761 584 844 609 aequa1e
857 583 893 610 ipfi
902 583 973 607 KAL,
986 590 1048 610 quase
1058 588 1079 603 et

308 613 444 640 rec'tangulum
453 617 572 633 contentum
580 613 628 638 AC,
642 613 678 634 BD
687 613 753 634 eidem
762 614 829 639 KAL,
835 614 875 635 hoc
880 614 909 635 est
915 614 977 642 spatio
985 614 1040 639 dato,
1050 613 1078 636 est

308 645 396 671 aequale.
432 647 434 649 ’

609 751 704 775 PRor.
730 751 790 775 XIX.

347 806 373 831 S1
384 815 398 830 a
408 805 497 830 duobus
510 804 597 839 punffis
610 804 669 829 datis
684 803 795 830 ducantur
806 804 864 830 duae
874 807 946 830 restae
957 805 1031 831 lineae
1039 806 1078 831 da

312 850 362 870 turn
374 843 597 879 comprehendentes
601 843 726 886 angulum,
745 849 770 867 ct
780 843 860 868 datum
873 843 1018 869 continentes
1030 843 1055 879 sp
1057 854 1078 869 a-

312 884 380 913 tium3
397 889 421 908 et
436 888 515 916 tangat
533 881 643 907 terminus
661 881 727 906 unius
743 880 951 908 circumferentiam
965 883 1079 917 pofitione

313 924 398 952 datam,
416 921 433 946 fi
444 923 553 956 punctum
563 921 644 945 datum
655 929 669 945 a
680 929 727 954 quo
742 920 800 945 haec
809 920 875 945 duc-‘ta
889 921 922 945 est
933 920 1023 946 filerit
1016 931 1040 946 m
1051 931 1078 947 ea

313 959 501 990 circumferentia,
517 965 598 993 tanget
609 959 720 984 terminus
727 959 817 984 alterius
825 961 908 984 reflatu
919 959 1031 993 pofitione
1039 959 1077 984 da-

313 1006 369 1025 tam.
403 999 427 1024 Si
438 1008 493 1023 vero
504 1000 613 1032 punc'tum
622 998 702 1023 datum
715 1007 761 1023 non
773 997 872 1023 fueritin
883 1007 910 1023 ea
919 997 1076 1023 clrcumferen-

313 1038 352 1067 tia,
369 1043 452 1071 tanget
464 1037 572 1062 terminus
581 1037 671 1063 alterius
678 1036 745 1062 allam
753 1035 960 1062 circumferentiam
966 1036 1079 1071 pofitione

312 1075 399 1101 datam.
440 1078 484 1099 Vide
486 1079 527 1107 fig.
533 1080 616 1106 praeced.

922 1127 933 1142 s
1001 1138 1045 1159 Cas.
1061 1144 1078 1158 r.
