1244 1619
339 101 367 115 22
481 90 692 115 LOCORUM
720 93 952 119 PLANORUM

363 145 422 165 Sin-r
432 145 458 168 Α,
465 144 480 164 Β
487 144 561 171 punsta
570 144 621 168 data,
636 150 655 165 et
664 145 690 165 ab
699 145 743 172 ipsis
752 146 850 168 ducantur
859 148 906 172 AC,
918 148 954 169 BD
964 150 1071 176 parallelae,
1080 158 1100 173 et

335 177 403 197 datum
413 176 536 196 continentes
545 175 639 202 spetlum5
653 180 718 203 tangat
727 182 794 198 autem
805 179 823 199 C
834 179 907 200 restam
916 180 952 200 EF
962 181 1058 207 positione
1067 183 1099 203 da-

334 213 381 232 tam,
395 212 461 234 tanget
468 207 487 227 D
495 206 673 228 circumferentiam
681 207 778 234 positione
785 210 857 230 datam.

360 239 453 259 Sumatur
464 238 547 259 enimin
559 238 611 259 reeta
623 239 670 263 AC,
684 239 709 258 ad
718 240 798 261 utrasvis
812 246 883 268 partes,
896 242 949 263 tofta
958 243 1000 264 AG
1014 245 1099 271 aequalis

333 270 369 297 ipsr
378 270 420 290 BD.
449 270 476 290 Et
487 269 583 296 quoniam
594 277 606 290 a
620 270 667 290 dato
677 269 754 297 pun&o
781 283 798 302 E
853 284 876 303 n
902 284 919 303 c
949 284 967 303 F

333 303 353 322 A
363 301 434 322 duRae
445 301 489 321 sunt
500 301 548 325 AC,
563 301 605 321 AG
617 301 638 321 in
649 301 718 321 eadem
725 308 754 321 re·
1004 311 1020 330 B

334 333 365 353 &a
371 333 440 353 datum
447 332 571 353 continentes
580 332 669 359 spatium,
683 337 703 352 et
712 337 754 352 tan-
848 331 867 348 Α

332 364 359 390 git
370 365 388 384 C
402 363 475 384 restam
489 363 585 391 pontione
597 364 669 387 datam,
689 368 755 391 tanget

333 394 353 414 G
360 395 539 415 circumferentiam
546 394 642 422 positione
647 395 713 415 datam
720 401 755 422 per

333 425 393 453 Prop.
403 426 422 446 8.
430 426 494 453 hujus.
523 427 550 446 Et
556 426 653 452 quoniam
659 433 671 446 a
677 426 756 446 duobus
790 439 807 458 0
937 423 958 439 D

331 456 409 483 punffis
423 456 472 476 datis
486 457 511 481 A,
526 457 541 477 B
555 457 626 477 dustae
638 457 682 477 sunt
702 455 754 479 AG,
860 484 876 502 K
1004 464 1024 482 1„

331 488 369 508 BD
384 488 486 514 parallelae
498 488 605 515 datamque
618 488 712 508 habentes
724 494 754 507 ra-

331 518 412 543 tionem,
430 519 520 545 aequales
535 519 588 539 enim
601 519 651 543 sunt,
665 523 685 538 et
697 518 758 544 tangit
773 515 793 536 G
808 516 985 537 circumferentiam
999 517 1096 544 pofitione

330 549 402 573 datam,
416 554 482 575 tanget
494 549 513 569 D
526 549 584 569 aliam
597 549 775 570 circumferentiam
790 546 887 573 posidone
903 547 968 568 datam
983 555 1019 575 per
1035 548 1096 576 Prop.

328 580 486 607 praecedentem.

358 633 498 659 componetur
505 639 552 654 vero
561 632 617 653 facile
627 638 666 659 ope
673 629 842 658 compositionum
847 630 907 658 Prop.
914 631 934 650 8.
948 636 968 651 et
976 632 1095 658 praeceden-

330 663 355 684 tis
364 671 394 689 ¹3·
408 663 433 684 sc.
447 664 539 684 ducendo
545 671 557 684 a
563 663 639 692 pundb
648 663 669 683 A
675 663 700 684 ad
709 663 783 684 restam
794 661 812 681 E
818 661 835 681 F
845 662 1028 689 perpendicularem
1040 663 1093 687 ΑΗ,

327 699 348 715 et
354 695 375 715 in
382 694 421 722 ipsa
430 695 525 715 sumendo
531 700 629 722 punctum
636 694 655 714 K
662 694 717 721 quod
723 693 782 714 faciat
793 693 929 719 rectangulum
939 692 1001 714 HAK
1012 695 1094 720 aequale

327 724 389 752 spatio
398 725 451 749 dato,
465 731 485 746 et
495 732 507 746 a
516 730 592 752 puncto
603 725 721 746 Bducendo
734 723 769 745 BL
784 723 897 751 parallelum
911 729 931 745 et
942 725 1045 751 aequalem
1057 725 1093 752 ipfi

327 756 374 780 ΑΚ,
387 762 407 777 et
416 756 472 784 super
483 747 601 777 dianietrum
614 756 649 777 BL
658 756 785 777 describendo
796 755 904 780 circulum;
917 756 954 776 erit
967 756 1021 776 enim
1034 756 1093 784 hujus

326 787 484 808 circumferentia
490 787 558 808 Locus
565 787 669 814 quaesitus,
682 788 721 808 hoc
728 787 756 808 est
762 786 776 807 si
783 787 866 807 ducatur
872 794 884 807 a
893 792 969 815 puncto
980 789 1000 808 A
1014 788 1039 808 ad
1051 795 1093 809 rec-

327 823 368 839 tam
385 819 425 839 EF
443 819 525 845 quaevis
540 819 593 843 Ac,
606 824 626 839 et
638 825 650 838 a
661 823 738 846 puncto
751 819 766 839 B
778 823 831 839 recta
843 819 933 845 pnrallela
946 819 982 846 ipfi
999 819 1043 840 Ac
1055 820 1092 839 cir-

326 849 373 870 culo
387 849 443 870 BDL
458 856 563 870 occurrens
578 850 599 869 in
611 849 639 873 D,
653 849 689 869 erit
700 849 836 875 rectangulum
851 853 969 870 contentum
981 849 1033 875 Ac,
1051 850 1091 871 BD

325 881 407 907 aequale
416 880 452 908 ipss
459 880 527 901 ΗΑΚ,
557 880 679 907 Intelligatur
687 879 742 900 enim
750 879 834 900 circulus
841 879 946 907 descriptus
953 880 1010 908 super
1019 881 1092 902 diame-

324 916 378 932 trum
384 912 425 932 ΑΚ
436 911 470 932 cui
476 916 566 931 occurrat
574 911 614 931 Ac
627 911 648 930 in
658 910 679 931 G
683 919 689 935 ;
703 915 728 935 et,
735 918 770 938 per
777 911 837 938 Prop.
847 917 877 935 13.
885 911 949 940 hujus,
956 912 1053 939 quoniam
1060 919 1092 933 ae-

325 943 393 969 quales
402 942 445 963 sunt
455 942 495 966 BL,
503 942 549 966 ΑΚ,
557 942 647 968 aequal&
653 946 711 962 erunt
717 942 759 966 BD,
773 941 823 962 AG.
837 948 873 969 per
882 942 941 970 Prop.
948 949 996 963 vero
1003 942 1022 962 8.
1032 943 1091 970 hujus

325 974 461 1000 rectangulum
470 972 538 998 CAG,
552 972 748 995 hocestcomentum
754 972 799 1001 ipsis
810 974 856 998 CA,
869 973 913 999 BD,
924 973 1006 1001 aequale
1016 974 1044 995 est
1050 981 1091 995 rec-

324 1005 406 1032 :angulo
412 1004 482 1029 HAK,
495 1004 535 1025 hoc
539 1003 567 1025 est
573 1003 635 1031 spatio
641 1003 693 1025 dato.

995 1066 1089 1090 Pnon
