<?xml version="1.0" encoding="UTF-8"?>
<!DOCTYPE html PUBLIC "-//W3C//DTD XHTML 1.0 Transitional//EN"
    "http://www.w3.org/TR/xhtml1/DTD/xhtml1-transitional.dtd">
<html xmlns="http://www.w3.org/1999/xhtml" xml:lang="en" lang="en">
 <head>
  <title>
</title>
<meta http-equiv="Content-Type" content="text/html;charset=utf-8" />
  <meta name='ocr-system' content='tesseract 3.04.00' />
  <meta name='ocr-capabilities' content='ocr_page ocr_carea ocr_par ocr_line ocrx_word'/>
</head>
<body>
  <div class='ocr_page' id='page_1' title='image "apolloniipergae04apolgoog_0043.png"; bbox 0 0 1244 1619; ppageno 0'>
   <div class='ocr_carea' id='block_1_1' title="bbox 321 95 926 123">
    <p class='ocr_par' dir='ltr' id='par_1_1' title="bbox 321 95 926 123">
     <span class='ocr_line' id='line_1_1' title="bbox 321 95 926 123; baseline -0.002 0"><span class='ocrx_word' id='word_1_1' title='bbox 321 108 351 123; x_wconf 86' lang='lat'>20</span> <span class='ocrx_word' id='word_1_2' title='bbox 484 96 687 122; x_wconf 89' lang='lat' dir='ltr'>LOCORUM</span> <span class='ocrx_word' id='word_1_3' title='bbox 706 95 926 122; x_wconf 89' lang='lat' dir='ltr'>PLANORUM</span> 
     </span>
    </p>
   </div>
   <div class='ocr_carea' id='block_1_2' title="bbox 581 155 822 182">
    <p class='ocr_par' dir='ltr' id='par_1_2' title="bbox 581 155 822 182">
     <span class='ocr_line' id='line_1_2' title="bbox 581 155 822 182; baseline 0 -7"><span class='ocrx_word' id='word_1_4' title='bbox 581 155 722 182; x_wconf 88' lang='lat' dir='ltr'>Componetur</span> <span class='ocrx_word' id='word_1_5' title='bbox 731 161 779 175; x_wconf 87' lang='lat' dir='ltr'>vero</span> <span class='ocrx_word' id='word_1_6' title='bbox 788 155 822 175; x_wconf 89' lang='lat' dir='ltr'>ita.</span> 
     </span>
    </p>
   </div>
   <div class='ocr_carea' id='block_1_3' title="bbox 316 196 1086 380">
    <p class='ocr_par' dir='ltr' id='par_1_3' title="bbox 316 196 1086 380">
     <span class='ocr_line' id='line_1_3' title="bbox 345 196 1085 226; baseline 0 -7"><span class='ocrx_word' id='word_1_7' title='bbox 345 199 436 219; x_wconf 80' lang='lat' dir='ltr'>Ducamr</span> <span class='ocrx_word' id='word_1_8' title='bbox 442 198 467 218; x_wconf 88' lang='lat' dir='ltr'>ad</span> <span class='ocrx_word' id='word_1_9' title='bbox 476 197 512 218; x_wconf 83' lang='lat' dir='ltr'>EF</span> <span class='ocrx_word' id='word_1_10' title='bbox 522 197 689 224; x_wconf 78' lang='lat' dir='ltr'>perpendicularis</span> <span class='ocrx_word' id='word_1_11' title='bbox 699 196 747 220; x_wconf 87' lang='lat' dir='ltr'>AG,</span> <span class='ocrx_word' id='word_1_12' title='bbox 761 201 781 216; x_wconf 85' lang='lat' dir='ltr'>et</span> <span class='ocrx_word' id='word_1_13' title='bbox 791 196 827 223; x_wconf 73' lang='lat' dir='ltr'>ipsi</span> <span class='ocrx_word' id='word_1_14' title='bbox 837 203 873 223; x_wconf 82' lang='lat' dir='ltr'>per</span> <span class='ocrx_word' id='word_1_15' title='bbox 881 196 981 223; x_wconf 66' lang='lat' dir='ltr'>punftum</span> <span class='ocrx_word' id='word_1_16' title='bbox 990 198 1005 218; x_wconf 91' lang='lat' dir='ltr'>B</span> <span class='ocrx_word' id='word_1_17' title='bbox 1017 204 1085 226; x_wconf 81' lang='lat' dir='ltr'>agatur</span> 
     </span>
     <span class='ocr_line' id='line_1_4' title="bbox 318 227 1086 258; baseline 0.001 -8"><span class='ocrx_word' id='word_1_18' title='bbox 318 230 408 258; x_wconf 84' lang='lat' dir='ltr'>paraliela</span> <span class='ocrx_word' id='word_1_19' title='bbox 419 229 453 249; x_wconf 85' lang='grc' dir='ltr'>ΒΚ</span> <span class='ocrx_word' id='word_1_20' title='bbox 462 229 482 249; x_wconf 92' lang='lat' dir='ltr'>in</span> <span class='ocrx_word' id='word_1_21' title='bbox 492 236 532 255; x_wconf 85' lang='lat' dir='ltr'>qua</span> <span class='ocrx_word' id='word_1_22' title='bbox 542 228 628 249; x_wconf 76' lang='lat' dir='ltr'>sumatur</span> <span class='ocrx_word' id='word_1_23' title='bbox 636 227 673 248; x_wconf 88' lang='lat' dir='ltr'>BH</span> <span class='ocrx_word' id='word_1_24' title='bbox 682 228 707 248; x_wconf 78' lang='lat' dir='ltr'>ad</span> <span class='ocrx_word' id='word_1_25' title='bbox 716 234 778 254; x_wconf 77' lang='lat' dir='ltr'>quarn</span> <span class='ocrx_word' id='word_1_26' title='bbox 787 227 829 247; x_wconf 90' lang='lat' dir='ltr'>AG</span> <span class='ocrx_word' id='word_1_27' title='bbox 836 228 903 248; x_wconf 80' lang='lat' dir='ltr'>datam</span> <span class='ocrx_word' id='word_1_28' title='bbox 912 229 973 249; x_wconf 74' lang='lat' dir='ltr'>habet</span> <span class='ocrx_word' id='word_1_29' title='bbox 982 230 1086 256; x_wconf 77' lang='lat' dir='ltr'>rationem,</span> 
     </span>
     <span class='ocr_line' id='line_1_5' title="bbox 317 258 1085 288; baseline 0.001 -7"><span class='ocrx_word' id='word_1_30' title='bbox 317 267 337 282; x_wconf 84' lang='lat' dir='ltr'>et</span> <span class='ocrx_word' id='word_1_31' title='bbox 346 268 381 288; x_wconf 84' lang='lat' dir='ltr'>per</span> <span class='ocrx_word' id='word_1_32' title='bbox 390 260 412 281; x_wconf 93' lang='lat' dir='ltr'>H</span> <span class='ocrx_word' id='word_1_33' title='bbox 421 261 506 280; x_wconf 80' lang='lat' dir='ltr'>ducatur</span> <span class='ocrx_word' id='word_1_34' title='bbox 520 259 566 281; x_wconf 93' lang='lat' dir='ltr'>HL</span> <span class='ocrx_word' id='word_1_35' title='bbox 575 260 667 287; x_wconf 65' lang='lat' dir='ltr'>pax-allelu</span> <span class='ocrx_word' id='word_1_36' title='bbox 676 258 711 286; x_wconf 86' lang='lat' dir='ltr'>ipfi</span> <span class='ocrx_word' id='word_1_37' title='bbox 722 259 773 283; x_wconf 81' lang='lat' dir='ltr'>EF;</span> <span class='ocrx_word' id='word_1_38' title='bbox 786 259 829 279; x_wconf 83' lang='lat' dir='ltr'>Erit</span> <span class='ocrx_word' id='word_1_39' title='bbox 838 260 888 280; x_wconf 80' lang='lat' dir='ltr'>haec</span> <span class='ocrx_word' id='word_1_40' title='bbox 899 259 968 281; x_wconf 81' lang='lat' dir='ltr'>Locus</span> <span class='ocrx_word' id='word_1_41' title='bbox 980 262 1085 288; x_wconf 70' lang='lat' dir='ltr'>quaesitus,</span> 
     </span>
     <span class='ocr_line' id='line_1_6' title="bbox 317 290 1085 320; baseline 0.003 -7"><span class='ocrx_word' id='word_1_42' title='bbox 317 293 341 313; x_wconf 85' lang='lat' dir='ltr'>sc.</span> <span class='ocrx_word' id='word_1_43' title='bbox 356 292 370 313; x_wconf 92' lang='lat' dir='ltr'>fi</span> <span class='ocrx_word' id='word_1_44' title='bbox 377 300 388 313; x_wconf 88' lang='lat' dir='ltr'>a</span> <span class='ocrx_word' id='word_1_45' title='bbox 396 292 474 320; x_wconf 76' lang='lat' dir='ltr'>punffis</span> <span class='ocrx_word' id='word_1_46' title='bbox 481 292 506 316; x_wconf 85' lang='lat' dir='ltr'>A,</span> <span class='ocrx_word' id='word_1_47' title='bbox 514 292 529 312; x_wconf 90' lang='grc' dir='ltr'><em>Β</em></span> <span class='ocrx_word' id='word_1_48' title='bbox 535 292 634 312; x_wconf 81' lang='lat' dir='ltr'>ducantur</span> <span class='ocrx_word' id='word_1_49' title='bbox 643 291 668 311; x_wconf 81' lang='lat' dir='ltr'>ad</span> <span class='ocrx_word' id='word_1_50' title='bbox 676 290 718 315; x_wconf 86' lang='lat' dir='ltr'>EF,</span> <span class='ocrx_word' id='word_1_51' title='bbox 732 290 774 311; x_wconf 92' lang='lat' dir='ltr'>LH</span> <span class='ocrx_word' id='word_1_52' title='bbox 783 291 865 318; x_wconf 80' lang='lat' dir='ltr'>quaevis</span> <span class='ocrx_word' id='word_1_53' title='bbox 871 291 974 319; x_wconf 78' lang='lat' dir='ltr'>parallelae</span> <span class='ocrx_word' id='word_1_54' title='bbox 986 294 1033 319; x_wconf 86' lang='lat' dir='ltr'>AC,</span> <span class='ocrx_word' id='word_1_55' title='bbox 1043 295 1085 320; x_wconf 90' lang='lat' dir='ltr'>BD,</span> 
     </span>
     <span class='ocr_line' id='line_1_7' title="bbox 317 321 1085 351; baseline 0.003 -7"><span class='ocrx_word' id='word_1_56' title='bbox 317 324 447 351; x_wconf 82' lang='lat' dir='ltr'>aequianguia</span> <span class='ocrx_word' id='word_1_57' title='bbox 456 328 516 344; x_wconf 88' lang='lat' dir='ltr'>erunt</span> <span class='ocrx_word' id='word_1_58' title='bbox 525 323 620 350; x_wconf 79' lang='lat' dir='ltr'>triangula</span> <span class='ocrx_word' id='word_1_59' title='bbox 630 322 698 347; x_wconf 78' lang='lat' dir='ltr'>GAC,</span> <span class='ocrx_word' id='word_1_60' title='bbox 712 321 777 348; x_wconf 84' lang='lat' dir='ltr'>HBD,</span> <span class='ocrx_word' id='word_1_61' title='bbox 791 330 852 350; x_wconf 82' lang='lat' dir='ltr'>quare</span> <span class='ocrx_word' id='word_1_62' title='bbox 863 323 891 344; x_wconf 79' lang='lat' dir='ltr'>est.</span> <span class='ocrx_word' id='word_1_63' title='bbox 902 324 923 345; x_wconf 81' lang='lat' dir='ltr'>A</span> <span class='ocrx_word' id='word_1_64' title='bbox 930 325 948 345; x_wconf 93' lang='lat' dir='ltr'>C</span> <span class='ocrx_word' id='word_1_65' title='bbox 963 325 989 345; x_wconf 76' lang='lat' dir='ltr'>ad</span> <span class='ocrx_word' id='word_1_66' title='bbox 1002 325 1050 350; x_wconf 85' lang='lat' dir='ltr'>BD,</span> <span class='ocrx_word' id='word_1_67' title='bbox 1062 331 1085 346; x_wconf 82' lang='lat' dir='ltr'>ut</span> 
     </span>
     <span class='ocr_line' id='line_1_8' title="bbox 316 355 711 380; baseline -0.008 -3"><span class='ocrx_word' id='word_1_68' title='bbox 316 356 358 377; x_wconf 87' lang='lat' dir='ltr'>AG</span> <span class='ocrx_word' id='word_1_69' title='bbox 371 356 396 377; x_wconf 83' lang='lat' dir='ltr'>ad</span> <span class='ocrx_word' id='word_1_70' title='bbox 407 355 451 380; x_wconf 90' lang='lat' dir='ltr'>BH,</span> <span class='ocrx_word' id='word_1_71' title='bbox 464 355 537 376; x_wconf 81' lang='lat' dir='ltr'>hocest</span> <span class='ocrx_word' id='word_1_72' title='bbox 546 355 567 375; x_wconf 86' lang='lat' dir='ltr'>in</span> <span class='ocrx_word' id='word_1_73' title='bbox 574 355 649 375; x_wconf 80' lang='lat' dir='ltr'>ratione</span> <span class='ocrx_word' id='word_1_74' title='bbox 660 355 711 374; x_wconf 76' lang='lat' dir='ltr'>data.</span> 
     </span>
    </p>
   </div>
   <div class='ocr_carea' id='block_1_4' title="bbox 602 424 792 449">
    <p class='ocr_par' dir='ltr' id='par_1_4' title="bbox 602 424 792 449">
     <span class='ocr_line' id='line_1_9' title="bbox 602 424 792 449; baseline 0 -1"><span class='ocrx_word' id='word_1_75' title='bbox 602 425 619 448; x_wconf 90' lang='lat' dir='ltr'>P</span> <span class='ocrx_word' id='word_1_76' title='bbox 630 433 645 448; x_wconf 80' lang='lat' dir='ltr'>R</span> <span class='ocrx_word' id='word_1_77' title='bbox 655 433 670 448; x_wconf 90' lang='grc' dir='ltr'><strong>ο</strong></span> <span class='ocrx_word' id='word_1_78' title='bbox 682 432 701 448; x_wconf 78' lang='grc' dir='ltr'>Ρ.</span> <span class='ocrx_word' id='word_1_79' title='bbox 731 424 792 449; x_wconf 88' lang='grc' dir='ltr'><strong>ΧΠῙ.</strong></span> 
     </span>
    </p>
   </div>
   <div class='ocr_carea' id='block_1_5' title="bbox 315 477 1083 627">
    <p class='ocr_par' dir='ltr' id='par_1_5' title="bbox 315 477 1083 627">
     <span class='ocr_line' id='line_1_10' title="bbox 349 477 1082 513; baseline 0.001 -10"><span class='ocrx_word' id='word_1_80' title='bbox 349 479 377 503; x_wconf 83' lang='lat' dir='ltr'>s=</span> <span class='ocrx_word' id='word_1_81' title='bbox 389 487 402 503; x_wconf 81' lang='lat' dir='ltr'>a</span> <span class='ocrx_word' id='word_1_82' title='bbox 411 478 500 503; x_wconf 88' lang='lat' dir='ltr'>duobus</span> <span class='ocrx_word' id='word_1_83' title='bbox 510 477 598 512; x_wconf 69' lang='lat' dir='ltr'>punffis</span> <span class='ocrx_word' id='word_1_84' title='bbox 609 477 669 502; x_wconf 75' lang='lat' dir='ltr'>datis</span> <span class='ocrx_word' id='word_1_85' title='bbox 683 477 793 502; x_wconf 82' lang='lat' dir='ltr'>ducantur</span> <span class='ocrx_word' id='word_1_86' title='bbox 806 477 865 503; x_wconf 75' lang='lat' dir='ltr'>duae</span> <span class='ocrx_word' id='word_1_87' title='bbox 877 480 953 503; x_wconf 65' lang='lat' dir='ltr'>:cetae</span> <span class='ocrx_word' id='word_1_88' title='bbox 964 478 1082 513; x_wconf 70' lang='lat' dir='ltr'>parallelae</span> 
     </span>
     <span class='ocr_line' id='line_1_11' title="bbox 316 515 1083 550; baseline 0.001 -9"><span class='ocrx_word' id='word_1_89' title='bbox 316 515 439 550; x_wconf 86' lang='lat' dir='ltr'>datamque</span> <span class='ocrx_word' id='word_1_90' title='bbox 450 516 561 541; x_wconf 83' lang='lat' dir='ltr'>habentes</span> <span class='ocrx_word' id='word_1_91' title='bbox 573 516 696 545; x_wconf 66' lang='lat' dir='ltr'>rationem</span> <span class='ocrx_word' id='word_1_92' title='bbox 712 521 792 550; x_wconf 84' lang='lat' dir='ltr'>tangat</span> <span class='ocrx_word' id='word_1_93' title='bbox 804 522 883 541; x_wconf 81' lang='lat' dir='ltr'>autem</span> <span class='ocrx_word' id='word_1_94' title='bbox 896 516 1005 542; x_wconf 83' lang='lat' dir='ltr'>terminus</span> <span class='ocrx_word' id='word_1_95' title='bbox 1016 517 1083 542; x_wconf 76' lang='lat' dir='ltr'>unius</span> 
     </span>
     <span class='ocr_line' id='line_1_12' title="bbox 315 554 1083 591; baseline 0.004 -12"><span class='ocrx_word' id='word_1_96' title='bbox 315 554 521 580; x_wconf 82' lang='lat' dir='ltr'>circumferentiam</span> <span class='ocrx_word' id='word_1_97' title='bbox 537 554 649 588; x_wconf 70' lang='lat' dir='ltr'>positione</span> <span class='ocrx_word' id='word_1_98' title='bbox 664 554 749 585; x_wconf 86' lang='lat' dir='ltr'>datam,</span> <span class='ocrx_word' id='word_1_99' title='bbox 767 561 849 589; x_wconf 75' lang='lat' dir='ltr'>tanget</span> <span class='ocrx_word' id='word_1_100' title='bbox 863 565 956 591; x_wconf 83' lang='lat' dir='ltr'>quoque</span> <span class='ocrx_word' id='word_1_101' title='bbox 970 557 1083 581; x_wconf 75' lang='lat' dir='ltr'>terminus</span> 
     </span>
     <span class='ocr_line' id='line_1_13' title="bbox 315 592 845 627; baseline 0.002 -9"><span class='ocrx_word' id='word_1_102' title='bbox 315 594 405 619; x_wconf 85' lang='lat' dir='ltr'>alterius</span> <span class='ocrx_word' id='word_1_103' title='bbox 416 592 624 619; x_wconf 81' lang='lat' dir='ltr'>circumferentiam</span> <span class='ocrx_word' id='word_1_104' title='bbox 635 593 750 627; x_wconf 84' lang='lat' dir='ltr'>pofitione</span> <span class='ocrx_word' id='word_1_105' title='bbox 758 593 845 620; x_wconf 79' lang='lat' dir='ltr'>datam.</span> 
     </span>
    </p>
   </div>
   <div class='ocr_carea' id='block_1_6' title="bbox 314 651 1082 833">
    <p class='ocr_par' dir='ltr' id='par_1_6' title="bbox 314 651 1082 767">
     <span class='ocr_line' id='line_1_14' title="bbox 342 651 1082 679; baseline 0 -7"><span class='ocrx_word' id='word_1_106' title='bbox 342 651 407 672; x_wconf 71' lang='lat' dir='ltr'>Dm</span> <span class='ocrx_word' id='word_1_107' title='bbox 416 651 454 672; x_wconf 81' lang='lat' dir='ltr'>fint</span> <span class='ocrx_word' id='word_1_108' title='bbox 463 652 489 676; x_wconf 85' lang='lat' dir='ltr'>A,</span> <span class='ocrx_word' id='word_1_109' title='bbox 499 652 514 672; x_wconf 88' lang='grc' dir='ltr'><em>Β</em></span> <span class='ocrx_word' id='word_1_110' title='bbox 523 651 604 679; x_wconf 71' lang='lat' dir='ltr'>pun&amp;a,</span> <span class='ocrx_word' id='word_1_111' title='bbox 610 656 631 671; x_wconf 90' lang='lat' dir='ltr'>et</span> <span class='ocrx_word' id='word_1_112' title='bbox 639 652 664 672; x_wconf 81' lang='lat' dir='ltr'>ab</span> <span class='ocrx_word' id='word_1_113' title='bbox 674 651 719 679; x_wconf 86' lang='lat' dir='ltr'>ipfis</span> <span class='ocrx_word' id='word_1_114' title='bbox 725 652 825 673; x_wconf 72' lang='lat' dir='ltr'>duoentur</span> <span class='ocrx_word' id='word_1_115' title='bbox 833 652 880 677; x_wconf 85' lang='lat' dir='ltr'>AC,</span> <span class='ocrx_word' id='word_1_116' title='bbox 888 651 927 673; x_wconf 89' lang='lat' dir='ltr'>BD</span> <span class='ocrx_word' id='word_1_117' title='bbox 937 652 1039 679; x_wconf 75' lang='lat' dir='ltr'>parallelae</span> <span class='ocrx_word' id='word_1_118' title='bbox 1048 652 1082 672; x_wconf 89' lang='lat' dir='ltr'>da—</span> 
     </span>
     <span class='ocr_line' id='line_1_15' title="bbox 314 682 1081 710; baseline 0.001 -7"><span class='ocrx_word' id='word_1_119' title='bbox 314 688 396 710; x_wconf 76' lang='lat' dir='ltr'>tamque</span> <span class='ocrx_word' id='word_1_120' title='bbox 406 683 501 704; x_wconf 77' lang='lat' dir='ltr'>habentes</span> <span class='ocrx_word' id='word_1_121' title='bbox 515 683 624 707; x_wconf 79' lang='lat' dir='ltr'>rationem,</span> <span class='ocrx_word' id='word_1_122' title='bbox 636 688 704 710; x_wconf 77' lang='lat' dir='ltr'>tangat</span> <span class='ocrx_word' id='word_1_123' title='bbox 715 688 783 704; x_wconf 80' lang='lat' dir='ltr'>aurem</span> <span class='ocrx_word' id='word_1_124' title='bbox 792 684 811 704; x_wconf 92' lang='lat' dir='ltr'>C</span> <span class='ocrx_word' id='word_1_125' title='bbox 823 683 1002 704; x_wconf 77' lang='lat' dir='ltr'>circumferentiam</span> <span class='ocrx_word' id='word_1_126' title='bbox 1013 682 1081 703; x_wconf 70' lang='lat' dir='ltr'>cittuii</span> 
     </span>
     <span class='ocr_line' id='line_1_16' title="bbox 315 714 1082 742; baseline 0.001 -7"><span class='ocrx_word' id='word_1_127' title='bbox 315 714 411 741; x_wconf 75' lang='lat' dir='ltr'>pufitione</span> <span class='ocrx_word' id='word_1_128' title='bbox 420 715 461 735; x_wconf 72' lang='lat' dir='ltr'>dati</span> <span class='ocrx_word' id='word_1_129' title='bbox 469 715 525 742; x_wconf 86' lang='lat' dir='ltr'>cujus</span> <span class='ocrx_word' id='word_1_130' title='bbox 534 719 626 735; x_wconf 79' lang='lat' dir='ltr'>centrum</span> <span class='ocrx_word' id='word_1_131' title='bbox 635 714 660 739; x_wconf 81' lang='lat' dir='ltr'>E,</span> <span class='ocrx_word' id='word_1_132' title='bbox 673 719 740 742; x_wconf 73' lang='lat' dir='ltr'>tanget</span> <span class='ocrx_word' id='word_1_133' title='bbox 749 722 832 742; x_wconf 87' lang='lat' dir='ltr'>quoque</span> <span class='ocrx_word' id='word_1_134' title='bbox 843 715 863 736; x_wconf 93' lang='lat' dir='ltr'>D</span> <span class='ocrx_word' id='word_1_135' title='bbox 875 715 934 736; x_wconf 82' lang='lat' dir='ltr'>aliam</span> <span class='ocrx_word' id='word_1_136' title='bbox 943 714 1082 736; x_wconf 63' lang='lat' dir='ltr'>circumferene</span> 
     </span>
     <span class='ocr_line' id='line_1_17' title="bbox 316 746 549 767; baseline 0.004 -1"><span class='ocrx_word' id='word_1_137' title='bbox 316 746 364 766; x_wconf 78' lang='lat' dir='ltr'>tiam</span> <span class='ocrx_word' id='word_1_138' title='bbox 406 746 467 767; x_wconf 73' lang='lat' dir='ltr'>ntioue</span> <span class='ocrx_word' id='word_1_139' title='bbox 476 746 549 767; x_wconf 80' lang='lat' dir='ltr'>datam.</span> 
     </span>
    </p>

    <p class='ocr_par' dir='ltr' id='par_1_7' title="bbox 314 775 1082 833">
     <span class='ocr_line' id='line_1_18' title="bbox 340 775 1082 805; baseline -0.001 -7"><span class='ocrx_word' id='word_1_140' title='bbox 340 777 439 804; x_wconf 80' lang='lat' dir='ltr'>Jungatur</span> <span class='ocrx_word' id='word_1_141' title='bbox 446 777 501 798; x_wconf 86' lang='lat' dir='ltr'>euim</span> <span class='ocrx_word' id='word_1_142' title='bbox 511 777 556 802; x_wconf 79' lang='grc' dir='ltr'>ΑΕ,</span> <span class='ocrx_word' id='word_1_143' title='bbox 570 777 609 802; x_wconf 85' lang='lat' dir='ltr'>cui,</span> <span class='ocrx_word' id='word_1_144' title='bbox 623 777 648 797; x_wconf 79' lang='lat' dir='ltr'>ad</span> <span class='ocrx_word' id='word_1_145' title='bbox 654 776 735 798; x_wconf 77' lang='lat' dir='ltr'>unasvis</span> <span class='ocrx_word' id='word_1_146' title='bbox 741 783 813 805; x_wconf 57' lang='lat' dir='ltr'>parta,</span> <span class='ocrx_word' id='word_1_147' title='bbox 826 777 911 799; x_wconf 75' lang='lat' dir='ltr'>ducatur</span> <span class='ocrx_word' id='word_1_148' title='bbox 918 783 931 798; x_wconf 71' lang='lat' dir='ltr'>a</span> <span class='ocrx_word' id='word_1_149' title='bbox 937 776 1014 805; x_wconf 62' lang='lat' dir='ltr'>pundo</span> <span class='ocrx_word' id='word_1_150' title='bbox 1022 775 1038 797; x_wconf 89' lang='lat' dir='ltr'>B</span> <span class='ocrx_word' id='word_1_151' title='bbox 1047 782 1082 803; x_wconf 79' lang='lat' dir='ltr'>pn—</span> 
     </span>
     <span class='ocr_line' id='line_1_19' title="bbox 314 808 622 833; baseline 0.003 -5"><span class='ocrx_word' id='word_1_152' title='bbox 314 808 379 829; x_wconf 79' lang='lat' dir='ltr'>mileia</span> <span class='ocrx_word' id='word_1_153' title='bbox 393 808 432 833; x_wconf 90' lang='lat' dir='ltr'>BF,</span> <span class='ocrx_word' id='word_1_154' title='bbox 448 808 475 829; x_wconf 90' lang='lat' dir='ltr'>ita</span> <span class='ocrx_word' id='word_1_155' title='bbox 484 813 507 829; x_wconf 92' lang='lat' dir='ltr'>ut</span> <span class='ocrx_word' id='word_1_156' title='bbox 515 808 555 829; x_wconf 82' lang='grc' dir='ltr'>ΑΕ</span> <span class='ocrx_word' id='word_1_157' title='bbox 564 808 587 829; x_wconf 85' lang='lat' dir='ltr'>fit</span> <span class='ocrx_word' id='word_1_158' title='bbox 596 808 622 829; x_wconf 77' lang='lat' dir='ltr'>ad</span> 
     </span>
    </p>
   </div>
   <div class='ocr_carea' id='block_1_7' title="bbox 313 839 621 1082">
    <p class='ocr_par' dir='ltr' id='par_1_8' title="bbox 313 839 621 1082">
     <span class='ocr_line' id='line_1_20' title="bbox 314 839 621 866; baseline 0.003 -7"><span class='ocrx_word' id='word_1_159' title='bbox 314 840 349 860; x_wconf 89' lang='lat' dir='ltr'>BF</span> <span class='ocrx_word' id='word_1_160' title='bbox 360 840 382 860; x_wconf 88' lang='lat' dir='ltr'>in</span> <span class='ocrx_word' id='word_1_161' title='bbox 387 840 432 860; x_wconf 70' lang='lat' dir='ltr'>dam</span> <span class='ocrx_word' id='word_1_162' title='bbox 438 839 514 860; x_wconf 79' lang='lat' dir='ltr'>ratione</span> <span class='ocrx_word' id='word_1_163' title='bbox 520 846 581 866; x_wconf 76' lang='lat' dir='ltr'>quarn</span> <span class='ocrx_word' id='word_1_164' title='bbox 586 840 621 860; x_wconf 77' lang='lat' dir='ltr'>ha-</span> 
     </span>
     <span class='ocr_line' id='line_1_21' title="bbox 315 869 621 897; baseline 0 -7"><span class='ocrx_word' id='word_1_165' title='bbox 315 871 349 890; x_wconf 73' lang='lat' dir='ltr'>bet</span> <span class='ocrx_word' id='word_1_166' title='bbox 358 870 378 890; x_wconf 77' lang='lat' dir='ltr'>A</span> <span class='ocrx_word' id='word_1_167' title='bbox 385 871 403 891; x_wconf 93' lang='lat' dir='ltr'>C</span> <span class='ocrx_word' id='word_1_168' title='bbox 412 870 438 890; x_wconf 84' lang='lat' dir='ltr'>ad</span> <span class='ocrx_word' id='word_1_169' title='bbox 447 869 494 894; x_wconf 90' lang='lat' dir='ltr'>BD,</span> <span class='ocrx_word' id='word_1_170' title='bbox 510 874 530 890; x_wconf 82' lang='lat' dir='ltr'>et</span> <span class='ocrx_word' id='word_1_171' title='bbox 536 870 621 897; x_wconf 84' lang='lat' dir='ltr'>jungan-</span> 
     </span>
     <span class='ocr_line' id='line_1_22' title="bbox 313 900 621 927; baseline -0.003 -6"><span class='ocrx_word' id='word_1_172' title='bbox 313 906 346 921; x_wconf 74' lang='lat' dir='ltr'>tur</span> <span class='ocrx_word' id='word_1_173' title='bbox 355 901 399 925; x_wconf 85' lang='lat' dir='ltr'>EC,</span> <span class='ocrx_word' id='word_1_174' title='bbox 405 900 450 921; x_wconf 85' lang='lat' dir='ltr'>FD.</span> <span class='ocrx_word' id='word_1_175' title='bbox 471 900 557 921; x_wconf 86' lang='lat' dir='ltr'>Dabitur</span> <span class='ocrx_word' id='word_1_176' title='bbox 563 900 621 927; x_wconf 85' lang='lat' dir='ltr'>igitur</span> 
     </span>
     <span class='ocr_line' id='line_1_23' title="bbox 314 931 621 958; baseline 0 -7"><span class='ocrx_word' id='word_1_177' title='bbox 314 931 329 951; x_wconf 85' lang='lat' dir='ltr'>B</span> <span class='ocrx_word' id='word_1_178' title='bbox 335 931 351 951; x_wconf 90' lang='lat' dir='ltr'>F</span> <span class='ocrx_word' id='word_1_179' title='bbox 365 931 462 958; x_wconf 86' lang='lat' dir='ltr'>posstione</span> <span class='ocrx_word' id='word_1_180' title='bbox 471 936 491 951; x_wconf 88' lang='lat' dir='ltr'>et</span> <span class='ocrx_word' id='word_1_181' title='bbox 502 931 621 957; x_wconf 79' lang='lat' dir='ltr'>magnitudi-</span> 
     </span>
     <span class='ocr_line' id='line_1_24' title="bbox 313 961 621 988; baseline 0 -6"><span class='ocrx_word' id='word_1_182' title='bbox 313 968 346 986; x_wconf 82' lang='lat' dir='ltr'>ne,</span> <span class='ocrx_word' id='word_1_183' title='bbox 358 962 466 988; x_wconf 83' lang='lat' dir='ltr'>datumque</span> <span class='ocrx_word' id='word_1_184' title='bbox 475 961 512 982; x_wconf 88' lang='lat' dir='ltr'>erit</span> <span class='ocrx_word' id='word_1_185' title='bbox 522 961 621 988; x_wconf 64' lang='lat' dir='ltr'>puneium</span> 
     </span>
     <span class='ocr_line' id='line_1_25' title="bbox 315 992 621 1019; baseline 0 -6"><span class='ocrx_word' id='word_1_186' title='bbox 315 993 332 1013; x_wconf 88' lang='lat' dir='ltr'>F</span> <span class='ocrx_word' id='word_1_187' title='bbox 343 1001 349 1016; x_wconf 86' lang='lat'>;</span> <span class='ocrx_word' id='word_1_188' title='bbox 370 998 390 1013; x_wconf 87' lang='lat' dir='ltr'>et</span> <span class='ocrx_word' id='word_1_189' title='bbox 413 992 543 1019; x_wconf 80' lang='lat' dir='ltr'>aequiangula</span> <span class='ocrx_word' id='word_1_190' title='bbox 561 998 621 1013; x_wconf 80' lang='lat' dir='ltr'>erunt</span> 
     </span>
     <span class='ocr_line' id='line_1_26' title="bbox 314 1023 620 1051; baseline 0.003 -7"><span class='ocrx_word' id='word_1_191' title='bbox 314 1023 436 1048; x_wconf 77' lang='lat' dir='ltr'>AEC,BFD</span> <span class='ocrx_word' id='word_1_192' title='bbox 439 1023 539 1051; x_wconf 79' lang='lat' dir='ltr'>triangula,</span> <span class='ocrx_word' id='word_1_193' title='bbox 542 1030 593 1050; x_wconf 82' lang='lat' dir='ltr'>quae</span> <span class='ocrx_word' id='word_1_194' title='bbox 597 1030 620 1045; x_wconf 93' lang='lat' dir='ltr'>ut</span> 
     </span>
     <span class='ocr_line' id='line_1_27' title="bbox 313 1054 618 1082; baseline 0 -7"><span class='ocrx_word' id='word_1_195' title='bbox 313 1054 335 1075; x_wconf 83' lang='lat' dir='ltr'>in</span> <span class='ocrx_word' id='word_1_196' title='bbox 342 1054 474 1082; x_wconf 79' lang='lat' dir='ltr'>praecedente</span> <span class='ocrx_word' id='word_1_197' title='bbox 482 1054 618 1077; x_wconf 79' lang='lat' dir='ltr'>ostenduntur.</span> 
     </span>
    </p>
   </div>
   <div class='ocr_carea' id='block_1_8' title="bbox 311 1084 620 1140">
    <p class='ocr_par' dir='ltr' id='par_1_9' title="bbox 311 1084 620 1138">
     <span class='ocr_line' id='line_1_28' title="bbox 311 1084 620 1111; baseline 0.003 -6"><span class='ocrx_word' id='word_1_198' title='bbox 311 1091 374 1111; x_wconf 78' lang='lat' dir='ltr'>quare</span> <span class='ocrx_word' id='word_1_199' title='bbox 380 1084 408 1105; x_wconf 77' lang='lat' dir='ltr'>est</span> <span class='ocrx_word' id='word_1_200' title='bbox 415 1085 454 1105; x_wconf 87' lang='lat' dir='ltr'>EC</span> <span class='ocrx_word' id='word_1_201' title='bbox 462 1085 488 1105; x_wconf 79' lang='lat' dir='ltr'>ad</span> <span class='ocrx_word' id='word_1_202' title='bbox 494 1085 538 1110; x_wconf 86' lang='lat' dir='ltr'>FD,</span> <span class='ocrx_word' id='word_1_203' title='bbox 548 1090 570 1105; x_wconf 88' lang='lat' dir='ltr'>ut</span> <span class='ocrx_word' id='word_1_204' title='bbox 579 1086 620 1106; x_wconf 79' lang='lat' dir='ltr'>AC</span> 
     </span>
     <span class='ocr_line' id='line_1_29' title="bbox 312 1115 620 1140; baseline 0.003 -4"><span class='ocrx_word' id='word_1_205' title='bbox 312 1116 343 1136; x_wconf 70' lang='lat' dir='ltr'>ad</span> <span class='ocrx_word' id='word_1_206' title='bbox 353 1115 400 1140; x_wconf 82' lang='lat' dir='ltr'>BD,</span> <span class='ocrx_word' id='word_1_207' title='bbox 416 1116 456 1137; x_wconf 84' lang='lat' dir='ltr'>hoc</span> <span class='ocrx_word' id='word_1_208' title='bbox 469 1116 512 1137; x_wconf 74' lang='lat' dir='ltr'>est*</span> <span class='ocrx_word' id='word_1_209' title='bbox 507 1123 528 1137; x_wconf 84' lang='lat' dir='ltr'>m</span> <span class='ocrx_word' id='word_1_210' title='bbox 543 1116 620 1138; x_wconf 82' lang='lat' dir='ltr'>ratione</span> 
     </span>
    </p>
   </div>
   <div class='ocr_carea' id='block_1_9' title="bbox 314 1145 1079 1208">
    <p class='ocr_par' dir='ltr' id='par_1_10' title="bbox 314 1145 1079 1208">
     <span class='ocr_line' id='line_1_30' title="bbox 314 1145 1079 1179; baseline 0.004 -11"><span class='ocrx_word' id='word_1_211' title='bbox 314 1148 369 1173; x_wconf 80' lang='lat' dir='ltr'>data,</span> <span class='ocrx_word' id='word_1_212' title='bbox 381 1152 401 1169; x_wconf 88' lang='lat' dir='ltr'>et</span> <span class='ocrx_word' id='word_1_213' title='bbox 410 1147 456 1169; x_wconf 74' lang='lat' dir='ltr'>data</span> <span class='ocrx_word' id='word_1_214' title='bbox 465 1148 493 1169; x_wconf 80' lang='lat' dir='ltr'>est</span> <span class='ocrx_word' id='word_1_215' title='bbox 502 1148 540 1169; x_wconf 89' lang='lat' dir='ltr'>EC</span> <span class='ocrx_word' id='word_1_216' title='bbox 550 1149 692 1177; x_wconf 74' lang='lat' dir='ltr'>magnitudine,</span> <span class='ocrx_word' id='word_1_217' title='bbox 701 1145 763 1178; x_wconf 74' lang='lat' dir='ltr'>quare</span> <span class='ocrx_word' id='word_1_218' title='bbox 771 1155 791 1172; x_wconf 80' lang='lat' dir='ltr'>et</span> <span class='ocrx_word' id='word_1_219' title='bbox 799 1150 839 1171; x_wconf 86' lang='lat' dir='ltr'>&#39;FD</span> <span class='ocrx_word' id='word_1_220' title='bbox 843 1151 874 1178; x_wconf 86' lang='lat'>[2.</span> <span class='ocrx_word' id='word_1_221' title='bbox 881 1150 939 1179; x_wconf 32' lang='lat' dir='ltr'>dard]</span> <span class='ocrx_word' id='word_1_222' title='bbox 948 1156 968 1172; x_wconf 86' lang='lat' dir='ltr'>ct</span> <span class='ocrx_word' id='word_1_223' title='bbox 973 1151 1043 1171; x_wconf 65' lang='lat' dir='ltr'>darum</span> <span class='ocrx_word' id='word_1_224' title='bbox 1051 1149 1079 1171; x_wconf 70' lang='lat' dir='ltr'>est</span> 
     </span>
     <span class='ocr_line' id='line_1_31' title="bbox 980 1181 1078 1208; baseline 0 -6"><span class='ocrx_word' id='word_1_225' title='bbox 980 1181 1042 1208; x_wconf 68' lang='lat' dir='ltr'>pun&amp;</span> <span class='ocrx_word' id='word_1_226' title='bbox 1044 1188 1078 1202; x_wconf 84' lang='lat' dir='ltr'>um</span> 
     </span>
    </p>
   </div>
  </div>
 </body>
</html>
