1244 1619
310 85 339 109 42
454 73 665 98 LOCORUM
692 74 925 99 PLANORUM

305 125 352 152 jus}
367 124 395 145 Sit
403 131 427 144 ea
436 124 486 144 LM.
503 124 564 150 Igitur
573 131 584 144 a
594 123 670 151 pu11&o
679 124 700 143 A
708 124 734 144 ad
743 124 791 145 duas
800 124 862 145 redkas
872 125 972 151 parallelas
979 125 1077 152 pofitione

308 156 362 176 daras
372 156 418 179 DE,
432 155 476 175 LM
486 155 556 175 duflae
565 155 608 175 sunt
618 155 667 179 AG,
681 155 719 175 ΑΚ
728 156 750 176 in
758 156 808 176 datis
817 156 892 183 angulis
906 156 1012 184 datamque
1026 158 1077 179 inter

307 187 325 207 se
335 188 429 207 habentes
438 186 542 210 rationem,
556 191 575 206 et
588 192 693 213 propterea
702 187 763 214 tangit
775 187 874 214 pund'tum
883 188 903 208 A
913 187 987 208 rechin
996 188 1077 215 positio-

308 224 333 238 ue
343 218 410 237 datam
420 224 455 244 per
465 217 524 244 Prop.
535 223 567 237 22.
577 218 642 244 hujus.

334 256 401 277 Prim&
411 261 478 276 autem
487 256 501 276 fi
511 256 620 283 requiratur
629 261 651 276 ut
664 257 763 283 punstum
771 257 792 277 A
803 257 826 278 fit
835 262 890 278 extra
899 258 1000 284 parauexas
1009 259 1076 286 positi-

308 294 346 308 one
364 288 424 312 datas,
438 287 463 308 ad
477 293 541 314 partes
556 287 614 314 ipsius
628 288 669 312 BC,
683 288 739 308 cadet
754 288 802 309 LM
825 307 842 321 L
878 306 894 321 0
917 307 938 323 K
969 308 991 325 N
1028 311 1052 327 u

307 324 362 339 extra
371 326 403 339 cns
413 319 438 338 ad
447 318 523 338 easdem
532 323 604 345 partes;
617 323 636 338 et
646 319 741 345 quoniam
750 326 801 346 pun·
822 324 885 354 Γ

308 349 363 369 ἂωτι
372 350 392 369 A
401 349 428 369 cst
438 349 488 369 inter
497 349 596 376 parallelas
608 348 659 373 LM,
673 349 719 373 DE,
733 349 801 370 Locus
821 325 1055 404 ᾗ

307 380 419 400 invenietur
427 386 463 406 per
472 380 517 399 Cas.
527 386 546 399 2.
561 380 621 406 Prop.
631 386 664 400 22.
683 380 757 401 Poterit
766 388 801 401 au-
823 385 842 402 B
956 388 958 390 ·
967 389 990 405 κ
1033 390 1055 408 c·

307 417 347 431 tem
362 411 411 431 ratio
426 411 471 430 data
485 417 546 437 quam
559 411 632 430 habere
646 411 703 431 debet
717 411 759 431 AG
774 412 799 432 ad
826 427 844 443 D
907 429 921 445 G
936 423 939 425 -

307 442 347 462 AK
357 442 398 462 talis
408 441 445 462 effe
455 448 506 468 quae
518 441 576 461 faciat
588 441 687 468 puud‘mm
698 442 718 461 A
729 443 800 463 cadere
1031 432 1050 449 Σ

307 473 357 493 inter
366 472 414 500 ipsas
423 473 463 497 BC,
477 472 523 496 DE,
532 473 586 493 unde
595 472 663 493 Locus
670 473 755 493 construi
766 480 807 494 non
814 475 896 501 poterin
912 475 1031 497 invenienda
1040 476 1074 502 igi-

307 509 339 524 tur
347 504 375 524 est
384 503 522 523 determinatio
529 510 569 529 qua
578 503 680 523 obtinente
689 504 788 530 punssum
797 505 818 525 A
827 505 902 532 semper
911 507 968 527 cadat
974 512 1029 527 extra
1039 513 1074 533 pa-

306 535 385 558 rallelas,
399 534 423 554 fc.
437 534 488 554 inter
502 533 550 560 ipsas
564 534 604 558 BC,
618 534 669 554 LM.
686 539 708 554 ut
720 535 759 555 hoc
773 535 813 560 fiat,
827 541 918 556 occurrat
927 536 969 557 GA
978 537 1023 564 ipsus
1033 537 1073 561 BC,

306 565 350 586 LM
360 565 380 585 in
390 565 413 589 F,
427 565 449 585 N
453 574 458 588 5
472 570 491 585 ct
500 565 525 584 ad
534 564 579 584 LM
588 565 671 584 ducatur
685 564 723 585 FO
737 566 828 592 parallela
837 566 901 586 restae
911 566 958 587 HK.
987 568 1014 587 Et
1023 574 1073 593 quo-

306 596 361 616 niam
374 597 433 616 debet
448 595 490 615 GA
504 595 567 621 major
580 594 618 615 effe
628 594 673 619 GF,
687 596 745 616 debet
754 602 859 624 propterea
868 597 918 617 ratio
933 597 976 617 GA
990 598 1015 617 ad
1028 597 1072 617 AN

306 627 369 654 major
377 626 414 647 esse
429 626 504 646 ratione
514 626 552 646 GF
562 626 586 646 ad
596 626 635 646 FN
639 635 645 649 2
658 632 680 646 ut
692 632 759 647 autem
773 628 816 647 AN
828 628 853 647 ad
862 627 908 651 ΑΚ,
922 628 949 647 ita
958 628 986 648 est
997 628 1037 648 FN
1047 628 1073 648 ad

306 658 344 678 FO
348 667 353 682 ς
367 658 421 684 Ergo
431 664 456 677 ex
465 663 530 683 aequo
539 656 581 676 GA
590 657 615 676 ad
629 657 669 676 ΛΚ
683 657 739 681 ratio,
753 658 816 685 major
825 658 883 677 debet
891 657 929 677 effe
942 658 1018 677 ratione
1032 658 1072 678 GF

305 689 330 709 ad
340 688 356 708 F
357 689 384 712 0;
398 688 437 708 hoc
449 687 477 707 est
489 687 539 707 ratio
550 687 595 707 data
602 693 664 713 quam
673 686 756 707 secunda
767 687 820 707 resta
830 687 871 707 AG
879 688 938 708 habet
944 688 968 707 ad
978 695 1023 708 eam
1032 688 1072 708 AK

306 727 358 747 quae
366 719 423 740 fimul
433 726 480 739 cum
489 719 553 746 prima
562 719 606 739 AH
615 720 660 739 data
672 719 706 743 est,
722 719 785 746 major
798 720 856 740 debet
870 719 907 740 effe
921 720 996 740 ratione
1010 727 1073 746 quam

305 752 427 777 segmentum
436 750 475 770 GF
484 750 580 770 secundae
590 750 640 770 inter
650 750 750 777 parallelas
760 750 802 774 BC,
816 751 862 775 DE,
875 751 934 771 habet
947 751 973 770 ad
987 751 1024 771 FO
1039 751 1071 771 seu

305 778 347 799 HK
356 778 422 798 datam
431 777 455 798 sc.
466 777 601 804 magnitudine
610 777 689 797 reffiam.
708 777 770 804 Igitur
779 778 860 803 quaudo
870 778 967 805 punstum
977 779 997 798 A
1006 778 1071 805 requi—

305 810 353 830 ritur
362 808 399 830 effe
407 814 463 829 extra
472 808 572 835 parallelas
582 808 607 828 ad
621 813 685 835 partes
694 807 754 835 ipsius
763 809 797 829 BC
807 810 832 829 ad
841 816 902 835 quam
911 809 935 829 sc.
944 809 1009 836 prima
1018 809 1070 829 retsta

305 841 395 861 ducenda
404 840 439 864 est,
451 838 563 867 Propofitio

599 878 739 904 Componenu·
748 878 781 898 ita.

331 916 351 935 A
361 914 437 942 puncto
443 913 514 940 quovis
523 913 539 933 F
547 913 567 933 ln
575 913 609 932 BC
620 913 704 933 ducatur
712 913 764 933 resta
771 914 809 933 FO
816 914 907 940 parallela
913 914 931 933 ei
938 921 989 940 quae
998 921 1010 934 a
1017 921 1070 941 pun-

305 946 363 966 ‹stoA
372 945 396 965 ad
408 944 493 965 eandem
503 944 537 963 BC
546 943 637 963 ducenda
646 943 673 963 est
678 952 683 967 ς
696 944 743 964 etin
753 943 792 970 ipsa
801 943 892 967 sumatur,
900 949 955 964 extra
965 945 1071 971 parallelas,

305 976 343 996 FO
352 975 438 1002 aequalis
444 974 508 995 ῐεᾶαο
518 974 574 994 datae
577 983 583 998 5
597 979 617 994 et
626 981 661 1001 per
670 975 691 995 Ο
701 975 784 995 ducatur
793 974 837 995 LM
848 974 938 1001 parallela
946 974 981 1001 ipsi
990 975 1031 1000 BC,
1045 976 1070 995 ad

305 1007 344 1028 DE
354 1013 402 1027 vero
407 1006 491 1026 ducatur
500 1005 538 1026 FG
550 1005 640 1032 parallela
646 1005 664 1025 ei
670 1013 721 1032 quac
730 1012 741 1025 a
751 1004 826 1032 Ριιιιὲἲο
836 1005 856 1025 Α
862 1005 887 1025 ad
892 1005 974 1025 candem
984 1005 1024 1026 DE
1034 1006 1070 1026 du-

305 1038 367 1059 cenda
376 1037 409 1057 est.
424 1037 450 1057 Et
459 1044 495 1064 per
507 1037 552 1057 Cas.
562 1042 581 1056 2.
589 1036 648 1063 Prop.
659 1043 691 1057 22.
698 1037 782 1057 ducatur
790 1036 842 1057 refla
852 1036 959 1064 AQintra
970 1037 1070 1064 parallelas

305 1069 351 1094 DE,
365 1068 415 1092 LM,
429 1075 480 1095 quae
490 1068 557 1088 Locus
566 1067 594 1088 est
601 1067 721 1094 punstomm
731 1074 742 1087 a
749 1074 835 1094 quorum
842 1069 913 1095 quovis
922 1069 942 1088 A
950 1068 964 1089 fi
972 1068 1070 1094 duqaumr

305 1101 330 1120 ad
344 1100 390 1124 DE,
404 1100 448 1120 LM
463 1098 527 1119 rensiae
541 1098 589 1123 AG,
603 1098 643 1119 ΑΚ
657 1099 702 1126 ipsis
711 1099 728 1119 F
729 1099 756 1124 G,
770 1099 808 1120 FO
817 1100 925 1127 parallelae,
940 1099 1011 1119 habeat
1026 1099 1068 1120 AG

306 1131 330 1158 qd
341 1130 379 1151 ΑΚ
388 1130 486 1152 rationem
495 1129 551 1150 datae
562 1129 633 1151 rationi
642 1130 750 1157 aequalem,
764 1137 816 1157 quae
825 1135 847 1151 ut
858 1130 955 1151 ostensum
968 1129 1012 1154 fuit,
1026 1137 1069 1161 ¹¹3³·

958 1163 960 1166 ·
1034 1163 1067 1183 jor
