1244 1619
334 116 365 139 70
483 104 687 131 LOCORUM
712 104 939 130 PLANORUM

609 200 625 223 Ρ
637 208 651 224 R
662 208 676 224 o
688 208 707 223 P.
733 199 827 224 XXVII.

369 251 487 282 QUANDO
506 249 618 283 pofitione
629 249 710 274 dantur
721 255 766 274 tres
778 251 850 274 rectae
861 250 933 274 lineae
947 258 987 283 per
998 259 1069 275 unum
1080 251 1097 276 i-

335 287 435 322 demque
441 289 550 322 punRum
557 286 704 313 transeuntes.
713 288 806 313 caeteris
814 294 839 313 ut
845 288 869 312 in
874 287 1029 321 Propofitione
1034 298 1098 323 prae-

336 326 434 351 cedente
445 326 595 351 manentibus.
947 326 950 328 “

360 380 420 400 SJNT
432 385 470 400 tres
480 379 543 400 refiae
553 380 594 404 BC,
601 380 642 404 BE,
656 380 692 400 BG
702 380 799 408 positione
808 380 872 404 datae,
880 384 900 400 et
909 379 933 400 ad
942 379 991 407 ipsas
999 387 1011 400 a
1021 380 1097 407 pundh»

337 411 357 431 A
367 411 465 431 ducantur
473 410 494 431 in
503 410 552 431 datis
561 410 637 437 angulis
647 411 710 431 reRac
719 411 769 435 ΑΗ,
783 411 831 436 ΑΚ,
847 410 890 431 AL
898 417 983 437 quarum
992 410 1034 431 AH
1043 410 1065 431 fit
1073 417 1097 431 ea

334 448 387 467 quae
396 448 443 461 curn
452 441 497 461 data
512 441 565 461 rcRa
578 449 591 460 α
606 442 695 463 continet
709 442 844 469 reetangulum
857 442 939 467 aequale
954 442 1033 462 duobus
1046 448 1097 469 quae

336 472 464 492 continentur
476 471 554 498 reliquis
568 471 633 492 duffls

337 507 356 522 ct
366 502 415 523 datis
424 502 480 523 reffls
495 502 516 527 β,
524 510 545 527 γ.
560 502 634 529 produ—

337 533 369 554 ἃς
377 540 426 554 vero
441 534 494 558 ΑΗ,
511 539 563 560 quac
574 532 635 553 dueta

337 565 365 585 est
372 564 397 585 ad
406 564 447 589 BC,
455 568 545 585 occurrat
555 563 634 591 reliquis

337 596 435 624 pofitioue
453 596 503 617 datis
520 595 540 616 in
556 595 635 616 duobus

338 627 417 655 punffis
425 627 456 651 M,
466 627 495 651 N,
508 631 528 647 et
536 626 551 647 fi
561 627 580 647 H
590 633 634 647 non

337 658 395 679 fuerit
408 658 459 679 inter
472 657 547 685 punsta
555 657 594 681 illa,
611 656 634 677 fit

338 690 363 710 M
369 689 468 717 punftum
478 688 525 708 illud
529 688 584 714 quod
591 694 636 714 pro-

337 720 382 746 pius
396 719 424 739 est
438 718 473 745 ipfi
485 719 513 742 H,
529 718 553 739 fit
566 723 633 738 autem
648 721 654 732 ἱ

337 751 377 771 ΒΕ
391 749 444 771 resta
458 749 479 769 in
492 755 533 776 qun
543 748 573 769 est
582 754 634 775 pun-

336 780 391 801 &um
403 780 436 805 M;
448 784 469 800 et
483 778 524 800 BG
533 778 603 800 eritea
611 778 633 799 in

336 819 377 839 qua
385 811 413 832 est
422 811 520 837 reliquum
533 809 633 837 puustum

337 844 366 864 N.
394 842 419 863 In
427 841 471 862 msu
480 848 528 862 vero
537 848 579 868 quo
588 840 687 868 punctum
695 839 717 861 H
731 840 759 861 est
774 841 825 861 inter
838 841 879 868 ipsa
892 841 924 865 M,
938 840 966 865 N,
981 839 1005 861 fit
1012 841 1038 861 M
1047 846 1098 867 pun-

338 873 393 894 &um
402 873 450 893 illud
459 872 514 899 quod
522 872 554 892 vel
560 871 591 892 est
599 871 650 892 inter
658 872 685 896 A,
693 871 715 892 Η
721 871 802 899 Ρυηᾶὶει,
816 872 848 892 vel
856 872 878 892 in
889 871 941 892 reeta
950 871 993 892 HA
1002 867 1098 899 produffla

338 904 364 925 ad
372 910 437 932 partes
446 904 472 928 A,
486 903 509 924 fit
519 908 586 923 autem
597 903 612 923 B
622 903 640 923 C
653 902 706 922 rebla
714 902 736 923 in
744 909 785 929 qua
793 902 820 922 est
829 902 928 929 punstum
937 902 967 926 Μ,
976 907 996 922 et
1005 902 1041 922 erit
1050 902 1098 922 Nin

337 935 412 961 reliqua
421 934 465 954 BG.
494 933 562 960 Sitque
571 933 585 957 β
594 932 646 953 reaa
655 933 700 953 data
709 940 760 960 quae
768 933 819 953 latus
829 933 858 953 est
870 933 976 959 restanguli
987 933 1042 959 cujus
1052 933 1098 953 alte-

338 972 383 986 rum
391 966 442 985 latus
450 964 478 985 est
488 964 540 985 resta
548 964 574 984 ad
589 963 627 984 BE
637 963 702 988 dueta,
715 969 737 984 et
748 970 763 988 γ
775 963 825 984 latus
834 963 903 990 reliqui
912 962 1024 990 restanguli.
1038 968 1098 989 atque

337 997 368 1018 his
378 996 414 1016 rite
423 995 526 1017 observatis
535 994 621 1023 poterint
632 994 686 1015 casus
697 995 756 1022 hujus
766 994 857 1022 distingui
866 995 938 1015 eodem
946 994 1007 1015 modo
1015 1001 1057 1021 quo
1066 1001 1098 1016 ca-

339 1028 368 1048 sus
378 1027 518 1054 Propofitionis
527 1026 660 1054 praecedentis
665 1033 704 1053 ope
713 1026 737 1047 sc.
747 1026 869 1053 punfiorum
878 1026 905 1050 A,
911 1026 939 1050 H,
945 1026 976 1050 M,
984 1025 1013 1045 N.
1023 1026 1051 1046 Et
1059 1032 1097 1046 cas.

338 1059 413 1086 primus
423 1058 459 1079 erit
468 1057 571 1085 (existente
581 1057 657 1085 Ριιυὲἲο
665 1058 688 1078 Η
694 1057 715 1078 in
724 1057 776 1078 reela
785 1057 807 1077 N
808 1058 832 1078 M
843 1056 939 1085 produdffl
948 1056 970 1077 in
978 1057 1024 1081 hoc,
1037 1061 1057 1077 et
1065 1056 1099 1077 tri-

337 1091 374 1110 bus
383 1089 508 1116 sequentibus
515 1088 599 1116 cafihus)
609 1089 691 1115 quando
699 1088 798 1116 punsturn
806 1088 827 1108 A
835 1088 864 1109 est
872 1093 927 1109 extra
938 1087 1013 1114 reliqua
1023 1087 1099 1114 pun&

338 1121 366 1144 H,
376 1121 407 1144 M,
416 1120 438 1140 N
446 1120 471 1140 ad
481 1125 544 1147 partes
552 1119 610 1146 ipsius
620 1119 648 1140 H.
667 1120 769 1140 Secundus
777 1119 858 1146 quando
865 1120 885 1140 A
894 1119 922 1139 est
931 1118 981 1139 ‘mter
989 1118 1063 1146 pun&
1070 1118 1098 1143 H,

337 1151 368 1171 M.
395 1150 477 1172 Tertius
486 1150 566 1177 quando
575 1150 629 1171 Aest
637 1150 688 1171 inter
696 1151 728 1175 M,
738 1152 764 1172 N⁴
793 1150 881 1177 Quartus
889 1150 970 1177 quando
978 1150 999 1170 A
1008 1149 1035 1169 est
1044 1154 1098 1169 extra

1023 1179 1097 1207 reliqua
