1244 1619
173 1597 226 1605 -=.-ae
242 1598 249 1605 .

316 83 357 108 viii
531 83 870 111 PRAEFATIO.

316 139 391 154 extant.
406 133 467 154 Unde
476 133 524 154 etin
531 134 624 155 omnibus
629 135 680 155 hisce
685 135 737 155 libris
743 135 860 163 Analyticis,
867 143 936 158 omnes
943 137 1002 162 casus,
1012 138 1088 160 omnes-

316 178 355 199 que
360 171 509 192 Problematum
515 171 564 191 iniis
571 171 680 192 solutorum
689 172 868 198 determinationes,
879 174 937 201 plene
945 175 1087 195 enumeraban—

317 213 349 228 tur
358 212 377 227 et
387 207 448 227 soluta
457 211 518 232 erant,
528 212 552 227 ut
561 207 719 235 quatiescunqne
727 208 753 229 ad
765 208 846 236 aliquod
855 216 926 230 eorurn
936 209 1044 230 Problerna
1054 210 1088 230 ali-

317 243 372 271 quod
379 243 487 266 deduaum
493 243 563 268 fuerat,
569 243 615 264 ilico
622 249 697 271 pateret
703 244 773 266 solutio
781 245 835 266 casus
841 246 866 266 ad
872 252 933 273 quem
938 245 1046 267 dednffilm
1055 245 1089 271 est,

317 279 396 307 ejusque
406 280 550 305 determinatio,
560 280 575 300 fi
583 287 623 308 qua
628 280 693 301 suerit.

343 316 398 336 Inter
405 317 442 336 hos
449 316 545 337 Veterum
554 317 579 337 de
586 316 660 344 analyfi
670 317 799 338 Geometrica
808 317 873 342 libros,
885 317 1036 345 dqupollonii
1042 317 1089 339 Per-

317 353 358 379 gnei
367 353 391 372 de
400 352 461 372 Locis
468 353 538 380 planis,
548 353 569 373 in
575 353 671 374 solutione
678 354 826 374 Problematum
834 353 973 381 frequentioris
984 359 1004 374 et
1013 353 1088 381 praeci-

317 388 352 415 pui
361 388 405 409 sunt
414 388 465 409 usus.
489 388 531 418 Eos
542 389 662 410 acutiffimus
675 390 691 410 F
693 390 787 410 ermatius
797 395 843 411 ante
854 397 931 411 annum
940 389 992 417 1629
1002 389 1089 410 restitue-

316 430 352 449 rat,
362 430 384 444 nt
391 431 416 444 ex
423 424 504 452 epistola
512 425 553 452 ejus
562 425 583 446 in
592 432 636 453 pag.
646 432 682 451 ¹53
690 432 775 453 opernm
786 431 847 452 patet.
868 426 918 446 Non
926 430 993 446 autem
1000 430 1046 445 ante
1054 430 1089 445 an-

316 467 366 480 num
379 460 430 486 1670
437 460 520 488 impreffi
527 461 607 481 fuerunt
617 461 668 481 inter
674 462 691 481 F
692 461 769 481 ern-latii
780 468 842 489 opera
849 462 909 482 varia.
933 461 1019 483 Eosdem
1029 460 1089 481 etiam

316 497 398 518 restituit
407 497 544 522 Schootenius,
555 504 609 518 anno
621 497 645 517 16
646 504 673 523 57
683 497 733 518 inter
740 496 897 518 Exercitationes
907 498 948 519 suas
958 497 1085 518 Mathemati-

316 540 355 557 ωε,
365 533 473 561 impressos.
489 533 581 560 Uterque
591 540 639 554 vero
650 534 711 554 Casus
721 539 741 554 et
750 533 931 554 Determinationes
942 533 1047 554 Locorum
1054 539 1088 553 ue·
1099 531 1102 535 ’

315 569 374 596 gligit,
388 569 428 589 fine
435 570 507 595 quibus
513 569 635 596 parumsunt
641 569 697 589 utiles
702 578 707 594 ;
724 570 823 597 solamque
831 570 935 590 Locorum
942 568 1041 596 synthefin
1048 568 1089 588 fine

315 604 389 631 analysi
398 605 485 628 tradunt,
495 604 573 625 duobus
580 610 614 625 aut
625 605 685 625 tribus
694 604 755 625 Locis
766 605 860 632 exceptis,
876 605 896 625 in
908 605 980 632 quibus
994 604 1089 625 Schoote-

316 642 361 662 nius
370 640 470 660 calculum
479 639 626 659 arithmeticum
633 640 719 659 adhibet.
980 640 983 641 ⁷

341 678 424 704 Opem
434 676 491 702 igitur
501 675 586 702 pretinm
592 675 696 695 videbatur
705 675 765 695 libros
773 675 831 695 hosce
841 675 917 702 plenius
927 680 946 695 et
956 675 1017 702 magis
1024 675 1089 702 Apol-

316 714 364 734 lonii
370 712 458 733 instituto
464 712 606 733 consentaneos
615 711 716 731 exhibere:
726 717 791 738 neque
798 710 928 731 Lemmatum
934 718 985 738 quac
993 711 1011 731 in
1021 711 1088 731 Locos

314 751 353 773 hos
363 749 435 776 stripsit
447 749 527 775 Pappus
537 748 692 772 Alexandrinus,
698 753 732 768 ant
741 754 799 775 quae,
810 748 835 768 ab
846 747 956 774 Apollonio
966 747 1042 774 scripta,
1052 747 1088 768 ser-

316 787 376 811 vavit,
386 786 443 806 usum
449 791 469 806 et
475 785 629 813 explicationem
640 784 754 805 Geometris
762 785 836 812 ingrata
844 785 886 805 fore
892 785 994 812 putabam.
1009 784 1088 805 Eorum

316 824 370 844 enim
376 822 462 843 maxima
469 827 488 842 et
494 821 601 849 praecipua
608 827 652 848 pars
659 828 670 841 a
677 821 783 845 Feri-natio,
792 820 920 845 Schootenio,
928 820 1008 847 aliisque
1014 819 1088 840 intaeta

316 858 352 883 cst;
364 865 429 885 neque
435 857 507 884 quibus
514 857 581 881 Locis,
590 862 625 877 ant
632 856 664 877 cui
672 856 756 877 omnino
763 856 806 876 usui
813 855 926 878 inserviunt,
932 862 945 874 a
952 860 1042 880 tempore
1047 861 1088 881 quo

316 894 403 921 primum
411 894 474 913 editae
483 893 563 912 fuerunt
573 892 637 918 Pappi
647 890 787 914 Colleffiones,
800 890 825 910 ad
836 890 875 910 hoc
885 889 945 915 usque
956 894 1034 916 tempus
1044 896 1089 916 cog-

316 931 380 951 nitum
390 930 436 950 snit.
451 929 498 955 Ope
507 933 574 948 antem
582 927 709 954 quorundam
719 927 798 950 horum,
807 925 877 945 solutio
888 932 948 951 quarn
958 925 1038 945 dederat
1048 925 1088 951 ipse

316 965 437 994 Apollonius
449 964 501 984 Loci
510 963 545 990 qui
554 963 638 983 haibetur
649 962 669 982 in
680 962 739 989 Prop.
750 969 769 987 5.
778 961 824 982 Lib.
836 967 856 981 2.
866 968 927 987 quem
937 967 998 980 unam
1007 967 1032 980 ex
1043 961 1087 987 pul-

317 1002 418 1023 cherrimis
430 1001 451 1021 in
463 999 579 1021 Geometria
589 998 758 1026 Propofitionibus
766 997 865 1025 praedicat
872 997 888 1017 F
890 996 990 1021 ermanus,
1001 996 1088 1017 restituta

316 1040 344 1061 est
352 1049 357 1064 ;
364 1045 416 1066 quae
425 1037 505 1065 quidem
518 1036 612 1063 elegantia
622 1035 676 1056 haud
688 1041 759 1062 parum
769 1033 854 1061 praestat
861 1032 952 1053 solutioni
963 1039 1024 1059 quarn
1033 1032 1088 1053 dedit

316 1075 434 1097 Fermatius.
448 1080 471 1094 ea
481 1078 547 1093 autem
564 1070 678 1092 Schootenii
688 1077 750 1098 purus
757 1069 784 1090 est
794 1069 881 1090 calculus
891 1067 1030 1095 arithmeticns.

345 1111 444 1141 Nonnulli
455 1109 535 1131 forsitan
547 1109 582 1136 qui
593 1108 612 1128 ei
624 1115 676 1135 quae
690 1107 767 1127 calculo
782 1105 892 1133 algebraico
908 1105 1012 1132 peragitur,
1026 1105 1087 1132 magis

315 1155 379 1177 qnam
391 1146 466 1174 analyss
480 1144 620 1167 Geometricae
629 1143 697 1166 assueti
708 1143 758 1168 sunt,
773 1142 912 1163 existimabunt
922 1141 981 1162 libros
992 1140 1017 1161 de
1026 1140 1087 1162 Locis

540 1173 543 1176 ⁴
1022 1173 1086 1201 plani3
