1244 1619
331 99 360 125 ὦ
477 94 936 123 LOCORUhlPLANORUM

327 155 359 170 tur
367 148 458 175 aequales
469 147 513 168 sunt
522 146 587 173 anguli
598 146 614 167 F
621 146 674 170 AG,
689 146 758 171 BAC,
773 147 840 167 addito
851 148 883 167 vel
892 148 975 175 dempto
984 151 1095 175 communi,

326 180 417 206 aequales
427 183 485 199 erunt
494 178 560 204 anguli
575 178 592 198 F
598 178 619 198 A
626 177 647 202 B,
662 177 710 198 GA
717 178 744 202 C;
763 183 783 198 et
793 184 874 205 propter
884 179 974 206 aequalia
985 180 1096 208 refiangula

327 211 344 231 F
345 210 393 234 AG,
407 210 468 234 BAC,
482 209 518 230 erit
527 209 543 229 F
545 209 565 229 A
575 209 599 229 ad
609 209 651 233 AB,
668 215 691 229 ut
700 210 739 229 AC
748 209 773 229 nd
782 210 830 230 AG.
845 217 906 237 quare
918 211 946 237 [6.
960 211 989 239 6.]
1003 213 1096 239 aequian-

326 242 371 268 gula
380 241 424 261 sunt
434 240 451 260 F
453 241 495 265 AB,
509 240 570 260 GAC
587 240 689 266 triangula,
703 245 723 260 et
735 247 770 260 an-

327 272 383 299 gulus
393 271 464 292 ACG
477 271 564 297 aequalis
580 270 616 291 erit
630 271 702 297 angulo
715 271 769 291 resto

327 304 390 327 AFB;
401 303 497 330 positione
508 307 575 322 autem
584 302 630 321 data
640 301 667 321 est
676 301 718 321 AF
729 302 771 329 [30.

327 335 382 361 dat.],
396 340 416 354 ct
425 333 561 360 magnitudine
576 332 621 358 [25.
634 332 666 352 26.
681 332 736 359 dat.],
750 338 771 353 et

326 366 395 386 datum
410 365 437 385 est
456 363 591 390 reetangulum
607 364 624 384 F
631 364 651 383 A
659 363 689 387 G;
708 370 770 390 quare

326 397 346 416 Α
353 396 373 415 G
385 395 525 422 magnitudine
537 394 582 414 data
595 394 637 420 [57.
645 394 700 421 dat.],
714 394 744 414 sed
751 399 770 414 et

326 426 423 454 politione
432 431 513 453 propter
524 425 593 445 datum
602 425 697 451 angulum
710 425 726 445 F
727 425 768 445 AG

327 457 433 484 [29.<lat.];
447 457 517 477 datum
529 456 587 482 igitur
598 456 626 476 cst
636 455 733 482 punRum
746 455 767 476 G

327 488 368 514 [27.
375 488 429 515 dat.].
458 488 561 514 Quoniam
573 487 632 513 igitur
641 493 653 506 a
662 487 740 507 duobus
752 486 801 507 datis
810 487 889 513 puustis
901 488 927 512 A,
937 487 958 507 G
968 487 1040 508 duflae
1048 488 1092 508 sunt

326 520 372 543 AC,
386 519 426 539 GC
434 519 502 539 dutum
510 519 699 545 comprehendentes
707 519 803 545 angulum
812 519 881 543 ACG,
895 524 961 546 tanget
967 519 1067 547 punstum
1076 520 1095 540 C

327 550 504 571 circumferentiam
513 549 610 577 positione
619 550 692 573 datam,
706 556 742 576 per
750 550 811 577 Prop.
820 557 840 570 2.
849 550 915 577 hujus.

592 605 733 632 Componetur
741 610 789 626 vero
799 605 832 625 ita.

355 656 374 676 A
383 656 430 676 dato
440 656 516 683 punsto
525 656 546 676 A
555 656 639 676 ducatur
646 656 671 676 ad
680 656 777 683 positione
788 656 855 676 datam
870 656 890 676 D
896 656 915 676 E
927 656 1094 683 perpendicularis

326 687 371 711 AF,
384 687 468 707 ducatur
474 687 534 707 etiam
541 687 589 712 AG,
603 687 628 708 ad
634 687 715 707 utrasvis
724 692 788 714 partes
798 687 862 707 reelae
871 688 915 711 AF,
929 687 1003 707 faciens
1009 692 1053 707 tum
1059 693 1094 707 an-

326 718 394 744 gulum
407 718 423 738 F
424 717 466 738 AG
479 718 582 744 aequalem
588 718 661 745 angulo
668 718 720 742 dato,
734 723 778 738 tum
785 718 921 746 rodlangulum
935 718 951 738 F
953 718 994 739 AG
1009 718 1092 745 aequale

326 750 373 769 dato
382 749 443 776 spatio
447 758 452 773 5
466 755 485 769 et
494 749 552 776 super
563 749 682 770 diametrum
693 749 736 770 AG
747 749 866 770 describatur
874 750 965 773 circulus,
979 750 1023 770 Erit
1034 749 1093 776 hujus

326 780 481 801 circumferentia
488 780 556 801 Imeus
562 780 665 808 quaesitus.
693 780 784 801 Ducatur
790 780 844 801 enim
853 788 865 802 a
874 780 950 809 punsso
957 781 977 801 A
985 781 1010 801 ad
1019 781 1093 801 restam

326 811 365 832 DE
375 812 457 839 quaevis
466 812 508 836 AB,
521 817 541 833 et
550 812 585 833 fiat
595 813 679 840 angulus
691 812 732 833 BA
738 812 760 833 H
769 813 856 839 aequalis
864 812 901 840 ipsi
910 812 952 833 FA
958 812 990 837 G;
1001 817 1093 833 occurret

324 844 345 864 A
351 842 373 863 H
386 843 555 864 circumferentiae
569 844 633 865 rursus
647 844 669 864 iu
684 843 761 871 puneto
775 845 864 870 quodam
878 845 903 866 C,
922 849 942 862 et
956 843 1093 869 rectangulum

325 874 380 894 ΒΑΕ
392 875 474 900 aequale
484 874 521 894 erit
532 874 568 901 ipsi
583 874 649 893 FAG.
677 874 733 893 Nam
741 878 822 901 propter
832 874 923 900 aequales
932 874 1013 901 angulos
1026 874 1044 894 F
1045 873 1093 898 AG,

326 904 390 929 BAH,
403 905 494 931 aequales
505 909 564 925 erunt
572 904 589 925 F
590 904 632 929 AB,
646 903 722 928 GAH;
736 911 797 931 qnare
806 910 876 925 acutus
885 904 913 924 est
925 905 1008 931 angulus
1022 904 1093 929 GAH,

326 935 384 962 igitur
390 935 460 956 secabit
467 936 563 955 circulum
573 935 626 956 resta
632 934 684 959 AH;
697 934 748 955 secet
755 935 775 955 in
788 936 813 959 C,
827 940 847 955 et
856 935 950 962 jungatur
963 935 1003 955 GC
1007 944 1012 959 ς
1025 936 1093 962 aequi-

326 966 396 992 angula
406 966 463 993 igitur
469 966 514 987 sunt
520 966 615 993 triangula
624 965 684 990 FAB,
698 965 766 990 GAC,
780 965 807 986 est
817 966 871 986 enim
880 967 963 993 angulus
972 965 1034 986 ACG
1042 966 1062 986 in
1069 966 1093 987 se-

325 996 428 1017 micirculo
437 997 523 1024 aequalis
531 997 605 1024 angulo
614 996 668 1017 resto
677 997 715 1017 AF
716 997 740 1022 B;
754 997 808 1024 Ergo
814 1002 837 1017 ut
843 996 880 1017 AF
887 997 912 1017 ad
923 997 966 1022 AB,
979 997 1006 1017 ita
1015 997 1043 1017 est
1052 998 1092 1018 AC

321 1027 351 1047 vad
361 1028 381 1048 A
387 1027 414 1053 G,
428 1033 448 1048 et
459 1028 594 1056 reetangulum
603 1028 618 1049 B
624 1028 646 1049 A
652 1028 671 1048 C
683 1028 766 1055 aequale
772 1028 808 1048 erit
816 1027 852 1055 ipfi
861 1027 878 1048 F
884 1027 937 1053 AG,
950 1029 990 1049 hoc
996 1027 1092 1056 estspatio

322 1059 380 1079 dato.

989 1129 1090 1153 Pnoa
