1244 1619
326 92 358 116 80
490 86 692 113 LOCORUM
711 85 930 112 PLANORUM

353 134 396 154 Cas.
402 140 421 159 3.
428 132 516 160 Qando
522 139 552 153 re-

327 166 358 187 &a
368 166 415 187 HM
425 163 509 185 occurrit
516 163 551 184 uni

327 198 410 219 laterum
420 196 455 217 BD
463 196 484 217 in
491 195 521 221 M,
528 196 552 216 al<

328 229 363 250 teri
371 235 419 249 vero
430 228 469 249 CD
478 229 552 256 produ-

328 260 361 280 ἂο
370 260 420 280 ultra
431 260 449 280 C
459 260 480 280 in
491 260 552 284 Hmi-

327 292 355 312 hil
367 291 431 312 differt
443 298 455 311 a
467 291 503 316 2⁶⁰,
517 291 552 312 nifi

327 323 383 350 quod
396 322 429 343 hic
443 322 492 343 ratio
503 322 517 346 β
527 323 552 343 ad

328 362 341 374 α
359 354 424 375 minor
439 355 498 375 debet
515 353 553 374 ess‘e

327 385 403 405 ratione
413 385 433 405 D
441 385 498 412 Qad
509 385 527 405 C
534 385 553 405 R

327 422 363 442 per
379 416 437 437 Lem.
452 423 472 443 4
500 417 553 437 Tota

327 452 394 467 autem
418 446 470 467 re&a
493 448 514 467 H
528 447 553 467 M

328 477 425 505 producta
436 478 462 498 ad
474 477 553 498 utmsvis

329 514 399 536 partes,
405 514 490 536 excepta
500 513 555 536 parte

328 540 388 567 ipfius
409 540 461 561 inter
480 539 555 567 punsta

329 571 357 596 H,
378 572 410 596 M,
434 570 470 592 erit
487 571 555 592 Locus

329 602 434 631 quaefims.

356 663 399 684 Car.
413 670 433 690 4.
449 662 539 690 Qando
548 661 601 683 resta
609 660 658 682 HM
667 660 754 682 occurrit
763 660 849 688 ursisque
858 659 951 680 lateribus
965 658 1007 683 BD,
1021 658 1060 678 CD
1070 658 1099 678 ul-

330 701 359 716 tra
368 695 388 716 D
398 694 506 722 produffis.

357 727 397 747 Hic
414 725 511 752 quoniam
526 724 624 750 punctum
640 722 662 743 H
677 729 706 743 re-

330 757 415 783 quiritur
423 754 460 775 ess'e
473 755 494 775 in
507 755 525 774 C
533 754 553 774 D
568 752 665 781 producta
677 753 707 774 ul-

329 794 360 808 tra
371 787 398 812 D,
416 786 475 806 debet
484 785 534 805 ratio
548 784 563 809 β
576 785 602 805 ad
616 791 630 804 α
643 784 707 812 major

330 818 369 839 effe
377 817 454 838 ratione
468 816 543 843 DQad
553 816 598 840 CR,
604 820 627 836 ut
635 815 656 835 in
662 814 708 835 casu

329 849 417 871 secundo
424 848 523 869 ostensum
532 847 577 868 fuit.
601 847 629 867 Et
637 847 662 867 ad
669 846 708 867 CD

331 881 392 902 dueta
406 880 439 901 BS
450 879 486 907 ipst
496 879 541 900 MP
551 878 585 899 seu
593 878 637 898 AG
646 878 709 905 peral-

331 914 375 937 lelfi,
389 911 475 933 firniliter
490 917 526 937 per
539 910 598 930 Lem‘
607 916 627 936 4.
644 909 708 929 osten-

332 945 389 965 detur
403 942 500 963 rationem
513 948 528 965 γ
543 941 569 961 ad
584 948 598 960 α
613 940 709 967 majorem

333 975 404 995 debere
413 973 451 994 effe
460 972 537 993 ratione
546 971 623 998 Dde
632 971 667 991 BS.
680 971 709 991 Et

330 1006 348 1027 fi
358 1005 461 1026 obtineant
470 1005 508 1025 hac
517 1004 568 1025 duae
576 1002 707 1028 conditiones,

333 1043 353 1058 et
362 1038 446 1057 ducatur
454 1035 507 1056 τεέὶα
516 1035 553 1056 BH
564 1041 586 1055 ut
595 1035 616 1055 in
626 1034 670 1055 casu
680 1034 708 1055 se-

330 1068 407 1093 cunde,
422 1073 442 1088 ct
450 1068 520 1088 eodem
530 1067 592 1087 modo
601 1066 685 1087 ducatur
694 1067 738 1087 CM
747 1067 797 1088 intra
806 1067 901 1094 angulum
916 1066 951 1093 qui
966 1066 1059 1093 deinceps
1072 1065 1101 1085 est

332 1100 369 1127 ipss
379 1099 507 1123 Remorum
515 1097 543 1123 H,
548 1098 579 1123 M,
588 1097 663 1125 punsta
672 1097 693 1118 in
701 1098 794 1119 lateribus
804 1098 850 1123 CD,
860 1097 895 1118 BD
904 1096 1007 1125 produffis
1015 1097 1065 1117 ultra
1072 1096 1102 1120 D;

333 1130 446 1158 JunEtaque
456 1130 503 1151 HM
512 1129 548 1150 erit
557 1129 626 1150 Locus
634 1128 739 1156 quaefitus.

844 742 865 761 1.

1056 1154 1101 1175 Cas.
