1244 1619
396 103 530 127 LIBER
557 104 738 130 PRIMUS.
917 120 947 145 39

176 161 224 176 tum
233 153 355 181 triangulum
365 151 434 177 PGH,
448 153 528 173 dabitur
534 153 584 174 ratio
595 153 611 174 F
612 154 635 175 H
646 156 671 176 ad
682 155 726 177 HG
729 165 735 181 ;
749 164 810 184 quare
819 158 847 185 [8.
855 160 904 188 dan]
914 162 948 182 diz-

178 192 201 207 ta
211 186 240 207 est
250 185 300 206 ratio
307 184 378 205 FHad
389 183 438 208 HA,
451 183 545 211 datusque
552 185 580 205 est
591 187 749 214 angulusFHA,
755 189 826 216 juncta
835 190 893 218 igitur
903 193 947 218 AF,

180 217 244 246 specie
259 216 337 237 dabitur
349 215 468 242 triangulum
480 215 550 236 ΑΓΗ
560 216 603 243 [41.

179 249 236 276 ὠή,
243 249 329 275 ideoque
340 248 398 268 datur
408 247 491 274 angulus
500 247 537 268 AF
539 247 562 268 H
564 257 570 272 5
583 252 603 268 et

180 281 277 308 posuione
286 280 331 300 data
339 278 366 299 est
378 279 394 299 F
395 278 424 304 H,
431 278 570 306 puu&umque
579 279 602 304 F,

176 318 225 339 ergo
231 311 329 339 politione
335 310 394 331 datur
399 310 438 331 FA
443 310 486 337 [29.
491 310 602 337 datqquarn

177 343 201 364 sc.
209 343 270 370 tangit
278 347 377 370 punctum
383 343 409 362 A.

270 374 411 401 Componetur
420 379 468 393 vero
477 373 510 393 ita.

205 405 227 425 A
234 410 310 432 puncto
317 405 389 431 quovis
400 404 420 424 L
429 404 450 425 in
461 409 513 425 recta
522 404 562 425 DE
575 405 600 426 ad

177 442 251 458 rectam
266 437 300 457 BC
312 437 396 457 ducatu:
408 436 489 462 quaevis
500 436 540 456 LK
552 435 600 457 faci-

177 475 211 489 ens
219 468 313 495 angulum
323 467 381 488 LKF
390 467 494 494 aequalem
506 467 554 487 dato
565 474 600 488 211-

176 499 222 526 gulo
231 506 291 526 quem
302 498 326 519 st.
336 499 396 519 ducta
407 505 419 519 a
430 504 508 526 puncto
520 499 540 519 A
551 506 599 520 cum

178 530 218 558 ipsa
228 530 395 558 comprehendere
407 530 472 551 debet.
500 531 527 551 Et
536 530 551 551 fi
560 530 599 551 LK

178 567 268 583 occurrat
274 562 365 583 lateribus
372 562 438 589 anguli
447 562 486 582 CF
487 562 512 586 E,
526 563 565 583 hoc
571 562 599 583 est

176 592 192 614 fi
198 593 283 620 angulus
292 593 330 614 'CF
331 594 349 614 E
362 600 402 614 una
413 600 460 614 cum
469 594 516 614 dato
525 595 598 621 angulo

177 625 236 646 ΑΘΒ
247 626 313 646 minor
321 625 346 646 fit
357 626 435 646 duobus
449 626 513 650 rectis,
526 627 548 646 in
558 626 598 653 ipsa

175 657 214 678 LK
219 658 305 678 sumatur
309 662 407 684 punctum
413 658 439 678 M
445 658 501 684 quod
506 657 565 679 faciat
570 665 597 679 ra-

175 689 248 710 tionem
254 689 347 716 segmenti
352 689 398 709 MK
408 689 460 710 inter
468 690 493 710 M
507 689 531 710 sc.
541 695 561 711 et
567 697 596 711 re-

174 720 225 742 stam
234 721 270 742 FC
282 722 307 742 ad
314 721 413 748 reliquum
418 721 540 748 segmentum
550 721 595 743 ML

174 754 274 781 aequalem
282 753 357 774 unioni
362 760 424 780 quam
433 753 493 774 ducta
499 761 511 774 a
518 759 595 781 puncto

174 785 194 805 A
202 786 231 806 {d
242 785 303 813 ipsam
313 785 348 806 BC
361 786 434 806 habere
445 786 504 807 debet
515 786 540 807 ad
552 787 595 807 reli-

175 815 331 843 ῳιετήᾶυσῐοω.
358 817 378 837 Si
385 824 433 838 vero
443 818 526 845 angulus
538 818 594 839 CFE

175 855 216 869 una
229 854 275 869 curn
287 849 333 869 dato
344 850 415 876 angulo
425 849 483 870 AGB
495 850 559 877 major
570 850 594 870 fit

174 880 253 900 duobus
259 880 321 905 rectis
335 880 375 901 hoc
381 880 409 901 est
418 881 433 901 fi
445 886 498 901 recta
510 880 550 901 LK
559 888 593 902 oc-

174 917 239 932 cun-at
248 912 339 932 lateribus
349 912 416 939 anguli
425 912 461 940 ips:
473 913 508 933 CF
510 913 528 933 E
541 913 594 941 adja-

173 944 239 969 centis,
247 944 368 971 producatur
376 944 415 964 KL
423 945 447 964 ad
455 949 553 971 punctum
562 945 594 969 M,
655 959 657 961 v

172 976 199 996 ita
207 980 230 996 ut
241 975 286 996 KM
297 975 320 996 fit
329 976 354 996 ad
360 975 405 996 ML
411 976 432 996 in
439 976 485 996 data
494 976 570 996 ratione
577 982 639 1003 quam
647 975 707 996 ducta
715 976 741 996 ad
749 976 784 996 BC
799 977 871 996 habere
880 976 938 996 debet

172 1007 196 1026 ad
202 1008 282 1027 ductam
289 1007 315 1027 ad
327 1006 366 1026 DE
370 1016 376 1031 ;
389 1007 482 1034 etjuncta
488 1007 506 1027 F
507 1007 532 1027 M
538 1007 560 1027 in
566 1012 652 1033 utroque
659 1006 703 1026 casu
710 1006 746 1027 erit
755 1006 823 1027 Locus
832 1006 945 1034 quaestum:

171 1037 212 1057 hoc
218 1037 245 1057 est
251 1036 264 1057 fi
271 1044 283 1057 a
293 1038 363 1064 quovis
370 1037 390 1057 in
399 1037 439 1064 ipfiz
446 1042 523 1065 puncto
529 1038 549 1058 A
558 1038 643 1058 ducatur
649 1042 701 1057 recta
708 1037 743 1064 ipfi
752 1037 791 1057 LK
798 1038 894 1065 parallela,
904 1043 938 1057 oc-

170 1074 252 1088 currens
259 1068 295 1088 BC
304 1068 325 1088 in
334 1068 355 1088 G
365 1073 384 1088 et
391 1068 430 1089 DE
439 1068 461 1089 in
469 1068 501 1093 H;
515 1068 559 1089 Erit
570 1068 613 1089 GA
622 1069 647 1088 ad
656 1068 705 1092 ΑΗ,
718 1073 741 1088 ut
750 1068 794 1088 KM
803 1069 828 1088 ad
837 1067 887 1088 ML.
902 1067 937 1087 Est

167 1098 226 1119 enim
233 1104 312 1126 propter
317 1099 416 1126 parallelas
423 1099 466 1120 AG
474 1100 498 1120 ad
505 1099 549 1124 AF,
556 1104 578 1120 ut
585 1099 630 1120 KM
636 1099 661 1119 ad
667 1099 718 1123 MF;
727 1104 750 1119 ut
756 1105 804 1119 vero
811 1099 848 1119 AF
856 1098 881 1118 ad
887 1097 936 1122 AH,

161 1130 197 1151 ita
203 1130 248 1150 ΜΤ
253 1130 277 1150 ad
284 1130 336 1154 ML;
350 1131 403 1157 Ergo
408 1137 433 1151 ex
439 1138 504 1158 aequo
510 1131 537 1151 est
543 1130 586 1151 AG
597 1131 622 1150 ad
631 1130 680 1154 ΑΗ,
697 1135 718 1150 ut
725 1130 770 1151 KM
778 1130 803 1150 ad
812 1129 863 1150 ML.

195 1162 328 1183 Manifestum
337 1168 384 1182 vero
391 1162 418 1182 est
427 1162 448 1183 in
457 1162 502 1183 casu
508 1169 550 1190 quo
559 1162 599 1183 KL
608 1161 693 1182 occurrit
703 1161 795 1182 lateribus
808 1160 874 1188 anguli
884 1160 938 1195 adjzff—

875 1197 936 1212 centis
