1244 1619
322 106 352 131 Α
485 105 926 132 LOCORUMPLANORUM

348 158 488 184 Componetur
495 163 542 178 vero
551 164 590 183 ope
604 156 771 184 compositionum
782 156 842 183 Prop.
852 162 872 182 7.
886 161 906 176 et
918 163 948 181 13.
958 156 991 177 ita.
1018 157 1047 178 Sit
1055 158 1089 178 da-

319 194 351 209 tus
360 189 442 215 angulus
452 188 522 213 KLM,
529 193 548 208 et
555 189 600 208 data
610 188 659 208 ratio
669 195 730 215 quarn
740 188 830 208 ducenda
839 195 851 208 a
860 187 936 215 punfto
946 189 965 208 A
973 189 1045 209 habere
1055 189 1089 209 de-

320 220 353 240 bet
362 220 387 240 ad
396 220 509 240 ducendam
517 226 529 239 a
539 219 614 246 ρυιιξὶο
624 219 645 243 Β,
660 219 682 240 fit
690 226 713 239 ea
723 226 784 246 quam
793 220 853 239 habet
862 219 914 240 resta
924 219 963 240 KL
976 220 1001 240 ad
1013 220 1087 241 reblam

319 251 370 275 LM,
384 256 404 271 et
415 251 466 271 hisce
476 251 530 275 datis,
544 251 632 277 datoque
638 250 712 270 circulo
726 251 782 278 cujus
791 256 882 271 centrum
892 250 915 275 F,
929 251 1009 271 describi
1019 251 1089 272 intelli-

318 287 374 308 gatur
384 289 419 309 per
428 282 488 309 Prop.
500 288 519 307 7.
534 281 618 301 circulus
628 281 684 308 cujus
698 288 789 303 centrum
798 282 827 307 N,
841 281 884 302 talis
896 281 920 302 st:-
935 287 958 302 ut
967 282 1026 303 dum
1039 290 1091 310 qua-

318 313 347 333 vis
357 314 396 333 AC
406 313 431 333 ad
439 313 535 333 circulum
540 312 596 339 cujus
601 318 692 333 centrum
696 312 720 337 F,

317 343 332 365 fi
339 344 422 364 ducatur
428 345 469 364 Ao
476 343 549 364 faciens
559 344 653 370 angulum
660 344 720 363 CAO

317 376 420 401 aequalem
430 375 474 402 ipsi*
481 374 555 399 KLM,
569 380 659 395 occurret
671 375 721 394 haec

317 406 391 426 circulo
403 407 459 433 cujus
469 411 560 427 centrum
570 406 592 426 N
602 406 622 426 in
632 406 720 432 quodam

317 438 393 464 puncsto
403 438 431 462 H,
445 438 471 458 im
481 443 504 458 ut
513 438 554 458 AC
567 437 590 457 sit
599 438 623 457 ad
633 436 684 461 AH,
698 442 720 457 ut

317 468 361 488 KL
375 469 400 489 ad
409 469 462 492 LM;
476 474 495 489 et
504 469 574 495 junfla
585 468 633 488 AN
645 468 721 488 circulo

316 505 408 520 occurrat
417 500 438 520 in
447 500 469 521 P.
479 500 563 520 ducatur
572 506 619 519 vero
626 506 661 526 per
668 499 682 519 B
690 506 719 519 re-

316 530 349 550 fta
360 530 395 557 ipsi
405 531 453 550 AN
463 530 559 557 parallela,
571 530 592 550 in
606 537 645 556 qua
659 530 684 550 ad
696 537 719 550 u-

316 562 397 582 tramvis
409 566 485 588 partem
496 561 597 581 sumantur
611 562 662 589 BQ
673 562 718 585 BR,

317 593 408 620 aequales
415 592 459 620 ipsis
469 593 518 617 AN,
532 593 574 616 ΑΡ,
588 598 608 612 ct
617 597 685 613 centro
697 592 730 619 Q

317 624 419 644 intervallo
435 623 480 650 QR
494 623 611 643 describatur
626 623 720 646 circulus;

317 655 353 674 erit
359 655 417 681 hujus
422 654 580 674 circumferentia
587 653 655 673 Locus
660 660 719 680 quae-

317 685 369 705 fitus.
383 685 468 704 ducatur
476 684 529 705 enim
539 684 576 705 BT
583 684 673 711 parallela
683 683 719 710 ipfi

317 716 370 740 AH,
384 722 516 742 occurratque
528 716 567 736 AC
577 716 598 735 in
608 716 635 739 E;
648 715 675 735 est
684 714 719 741 igi-

318 753 350 767 tur
363 747 447 773 angulus
462 747 527 767 BEA
545 746 631 772 aequalis
646 745 718 772 angulo

318 778 378 798 CAO
387 778 427 797 hoc
437 776 464 797 est
473 776 509 804 ipfi
518 776 589 801 KLM,
596 781 615 797 et
622 776 719 803 quoniam

318 808 370 835 BQ
385 808 425 829 BR
439 807 533 835 aequales
543 809 587 828 sunt
599 807 644 835 ipfis
657 808 677 827 Α
689 807 718 831 N,

318 841 361 865 ΑΡ,
374 840 395 860 in
407 839 464 860 reffis
473 839 574 866 parallelis,
588 845 608 860 et
617 840 720 866 parallelae
728 839 773 859 sunt
782 839 830 863 ΑΗ,
840 839 887 863 BT;
895 846 932 867 per
939 841 999 868 Prop.
1012 847 1042 866 13-
1049 841 1087 861 hu-

315 872 347 899 jus
356 875 446 892 occurret
456 870 492 891 BT
501 871 575 891 circulo
582 871 638 897 cujus
644 875 734 890 centrum
745 869 800 897 Qin
806 870 883 897 punsto
892 871 980 897 quodam
989 871 1016 896 D,
1031 872 1058 892 ita
1064 877 1087 892 ut

318 903 408 930 aequales
415 906 473 922 erunt
482 901 531 926 AH,
547 901 590 921 BD.
618 901 653 921 Est
660 907 727 921 autern
737 908 772 928 per
778 901 839 928 Prop.
848 907 868 927 7.
882 902 947 929 hujus,
960 903 1000 923 AC
1008 904 1033 923 ad
1042 902 1088 923 ΑΗ

318 934 350 954 seu
365 933 409 957 BD,
423 937 445 953 ut
460 932 503 952 KL
512 932 538 952 ad
551 932 606 956 LM;
620 933 648 953 Et
659 938 764 959 propterea
773 932 931 954 circumferentia
940 939 1008 954 centro
1017 933 1087 961 Qrde-

318 963 388 990 scripta
394 963 422 984 est
428 963 497 984 Locus
505 961 609 990 quaefitus.

415 1093 434 1110 q,
989 1081 1086 1105 Pnor.
