1244 1619
319 91 348 108 10
464 77 669 105 LOCORUM
692 77 926 104 PLANORUM.

314 133 346 153 sed
355 137 374 153 et
384 132 479 160 positione
486 131 528 157 [29.
538 129 594 157 dat.];
608 130 676 150 datum
686 129 791 157 propterea
799 129 827 150 est
837 130 935 157 punstum
944 130 971 151 G.
995 132 1021 153 Et
1030 140 1078 161 pro.

315 170 359 192 pter
367 162 497 190 aequiangula
506 162 601 189 triangula
610 161 638 181 est
648 161 683 181 BD
692 161 717 181 ad
729 160 776 185 CG,
790 166 812 181 ut
822 162 857 181 AB
865 162 891 182 ad
900 162 949 187 AC;
963 163 1008 183 data
1018 165 1076 191 igitur

315 195 343 216 est
352 195 401 215 ratio
410 194 447 214 BD
456 194 482 214 ad
491 193 543 218 CG;
551 198 570 214 et
577 194 622 213 data
628 192 656 213 est
665 192 702 213 BD
712 192 853 219 magnitudine,
862 200 923 219 quare
931 199 951 214 et
962 194 1010 215 CG.
1019 196 1077 223 Qo-

315 226 369 247 niam
378 225 436 252 igitur
444 232 456 245 a
465 225 512 245 dato
521 224 597 252 punCto
606 223 628 244 G
636 223 695 244 dufka
704 223 732 244 cst
741 222 761 243 G
769 224 787 243 C
799 224 934 250 magnitudine
947 225 998 250 data,
1011 232 1077 254 tanget

315 256 413 285 punstum
422 257 441 277 C
449 256 628 277 circumferentiam
637 254 733 282 positione
742 255 814 279 datam,
827 262 863 282 per
871 255 932 283 Prop.
945 262 962 276 1.
971 257 1036 284 hujus.

575 303 715 330 Componetur
724 308 772 323 vero
780 302 814 322 ita.

341 349 361 368 A
369 348 416 368 dato
429 347 505 375 punsto
513 347 534 367 A
543 346 627 367 ducatur
640 345 683 366 AD
697 345 722 365 ad
735 350 825 365 centrum
837 345 905 367 circuli
918 346 1015 374 positione
1027 347 1075 372 dati,

315 384 434 406 occuratque
439 378 606 399 circumferentiae
612 377 633 398 in
643 377 692 402 E‚et
699 377 782 397 ducatur
790 376 828 397 AF
835 377 908 398 faciens
914 378 1008 405 angulum
1016 378 1076 400 DAF

314 411 417 437 aequalem
425 410 497 437 angulo
508 410 561 434 dato,
576 409 602 429 ita
611 409 638 429 sc.
653 414 675 430 ut
684 409 708 429 ad
718 415 767 435 quas
781 413 846 435 partes
860 408 924 429 reciae
935 409 975 430 AB
986 410 1077 431 ducenda

314 442 342 463 cst
351 442 399 467 AC,
412 442 436 463 fit
446 441 485 462 AF
494 441 519 461 ad
528 441 604 462 easdem
616 445 680 468 partes
691 439 755 460 reciae
764 439 806 459 AD
810 448 816 464 ς
829 445 850 460 et
858 439 879 460 in
888 440 928 461 AF
937 439 1023 461 sumatur
1032 441 1076 462 AG

314 474 339 494 ad
348 481 408 501 quam
415 473 456 494 AD
463 473 529 493 datam
536 473 595 493 habet
602 472 708 496 rationem
723 476 746 491 ut
754 477 802 492 vero
811 471 853 492 AD
862 471 887 492 ad
895 471 945 496 AG,
957 472 985 493 im
993 472 1027 493 fiat
1034 472 1076 494 DE

314 505 340 525 ad
355 505 404 530 GF,
419 510 439 525 et
449 509 516 525 centro
526 503 547 524 G
556 504 661 524 inter-vano
673 502 712 523 GF

316 537 435 558 describatur
443 537 534 558 circulus:
552 536 596 557 Erit
606 535 665 563 hujus
676 535 714 556 cir-

317 568 447 589 cumferentia
460 567 529 588 Locus
542 566 647 595 quaefims,
660 566 685 587 sc.
699 565 714 586 fi

316 606 329 619 a
338 599 413 626 punclo
422 599 443 619 A
452 599 535 619 ducatur
543 598 568 619 ad
576 597 715 619 circumferen-

316 630 365 650 tiam
370 630 426 656 cujus
432 634 522 650 centrum
528 629 556 650 est
564 629 585 649 D
594 629 648 649 rech
653 635 716 655 quee—

318 660 348 680 vis
358 660 405 684 AB,
419 664 439 680 et
447 660 531 680 dueatur
539 659 587 680 AH
595 659 668 680 faciens
679 666 714 680 an-

316 691 385 718 gulum
395 690 454 712 BAH
461 691 564 718 aequalem
569 692 642 718 angulo
650 691 713 712 DAG

316 722 344 742 ita
349 721 374 742 sc.
380 727 403 742 ut
412 722 454 746 AB,
462 721 505 742 ΑΗ
513 721 551 743 fint
556 722 581 742 ad
588 721 664 742 easdem
670 728 714 749 par-
725 733 743 753 E

317 757 346 773 tes
352 752 449 773 testarum
457 752 505 777 AD,
514 752 556 773 AG
559 761 565 777 ;
572 758 662 773 occurret
670 753 713 774 AH

317 784 485 805 circumferentiae
506 784 583 805 alterius
603 784 671 806 circuli
693 785 714 805 in

315 815 392 844 puncto
397 816 484 843 quodam
489 816 514 840 C,
519 821 539 836 et
545 816 582 836 erit
588 816 624 836 AB
631 816 656 837 ad
666 817 713 841 AC,

316 853 340 868 ut
353 848 395 868 AD
404 848 430 868 ad
438 847 489 871 AG,
500 847 610 868 dummodo
618 848 643 868 sc.
652 847 754 868 sumantur
762 855 797 869 eae
806 848 950 869 intersefflonee
959 848 980 873 B,
989 849 1008 869 C
1017 849 1049 869 vel
1057 848 1075 874 b,

317 888 327 900 c
335 878 386 907 quae
394 879 439 899 suut
447 878 472 898 ad
478 878 553 898 easdem
562 878 681 899 circulorum
690 884 754 905 partes
763 878 839 899 ratione
848 878 917 906 punffl
925 879 952 899 A.
972 879 1076 906 Qoninm

317 911 371 932 enim
379 910 407 931 est
415 909 459 930 AD
468 910 493 930 nd
501 909 552 934 AG,
558 914 580 930 ut
587 909 629 930 DE
638 910 663 930 ad
672 909 693 929 G
699 909 722 934 F,
731 909 745 930 fi
755 909 852 937 punclum
862 910 882 930 A
890 909 948 930 fuerit
956 910 1007 930 intra
1013 910 1075 931 circu-

317 944 359 964 lum
367 941 409 965 BE,
424 941 456 961 vel
465 940 487 960 in
495 940 554 967 ipfius
562 940 726 965 circumferentia,
735 942 775 962 hoc
783 941 811 961 est
817 940 832 961 fi
840 940 882 961 DA
890 940 956 961 minor
963 941 995 961 vel
1003 948 1075 968 aequa-

317 974 340 995 lis
348 972 406 993 fuen't
414 971 450 999 ipfi
464 971 512 996 DE,
525 971 561 991 erit
569 971 613 991 GA
623 971 688 991 minor
697 972 729 992 vel
739 971 825 998 aequalis
834 971 870 999 ipsu
879 971 927 996 GF,
940 972 979 993 hoc
987 972 1015 993 est
1024 979 1076 1000 pun-

318 1006 372 1026 stum
381 1004 402 1024 A
410 1003 446 1023 erit
455 1003 505 1023 intra
513 1002 610 1023 circulum
619 1002 657 1023 CF
666 1003 698 1023 vel
711 1002 732 1023 in
741 1002 783 1029 ejus
791 1002 953 1028 circumferentia,
966 1008 986 1024 et
996 1009 1075 1031 propte-

317 1034 440 1062 rea'quacvis
452 1033 504 1054 recha
515 1041 527 1055 a
541 1034 616 1062 pimsto
630 1035 651 1055 A
664 1033 722 1055 dufta
732 1038 823 1054 occurret
836 1034 910 1054 circuio
925 1035 972 1055 cF.
998 1034 1018 1055 Si
1026 1042 1076 1056 vero

317 1067 416 1096 punemm
426 1065 447 1086 A
456 1064 515 1086 fuerit
525 1070 580 1086 extra
587 1065 683 1086 circulum
693 1065 738 1089 BE,
749 1064 835 1085 fimiliter
843 1065 957 1087 ostendetur
963 1065 1026 1093 ipsum
1038 1065 1077 1088 effe

318 1104 373 1119 exirm
382 1097 478 1118 circulum
490 1096 540 1121 CF;
552 1097 676 1123 etquoninm
687 1096 770 1124 angulus
785 1096 848 1117 BAH
862 1097 948 1123 aequalis
961 1097 989 1118 est
1003 1098 1076 1125 angulo

317 1128 387 1154 DAG,
401 1129 441 1150 hoc
449 1127 482 1153 est,
495 1134 531 1156 per
539 1127 630 1153 Lemma,
643 1128 714 1155 angulo
723 1127 784 1149 ΚΑΙ.
791 1130 887 1149 centenno
896 1127 952 1149 restis
960 1129 1076 1156 contingen·-

1024 1159 1077 1182 tibus
